@article{shaw:2002aa,
  author = {Shaw, Paul J. and Tononi, Giulio and Greenspan, Ralph J. and Robinson, Donald F.},
  date-added = {2015-10-15 08:50:10 +0000},
  date-modified = {2015-10-15 08:50:10 +0000},
  journal = {Nature},
  month = {may},
  number = {6886},
  pages = {287--291},
  publisher = {Nature Publishing Group},
  title = {{Stress response genes protect against lethal effects of sleep deprivation in Drosophila}},
  volume = {417},
  year = {2002},
  bdsk-file-1 = {YnBsaXN0MDDUAQIDBAUGJCVYJHZlcnNpb25YJG9iamVjdHNZJGFyY2hpdmVyVCR0b3ASAAGGoKgHCBMUFRYaIVUkbnVsbNMJCgsMDxJXTlMua2V5c1pOUy5vYmplY3RzViRjbGFzc6INDoACgAOiEBGABIAFgAdccmVsYXRpdmVQYXRoWWFsaWFzRGF0YV8QPi4uLy4uLy4uLy4uLy4uLy4uLy4uL0dvb2dsZSBEcml2ZS9QYXBlcnMvMjAwMi9TL1NoYXcyMDAyYWEucGRm0hcLGBlXTlMuZGF0YU8RAagAAAAAAagAAgAADE1hY2ludG9zaCBIRAAAAAAAAAAAAAAAAAAAANBm8bNIKwAAAEe3BA5TaGF3MjAwMmFhLnBkZgAAAAAAAAAAAAAAAAAAAAAAAAAAAAAAAAAAAAAAAAAAAAAAAAAAAAAAAAAAAAAAAAAB4uwh0kWUnAAAAAAAAAAAAAcABQAACSAAAAAAAAAAAAAAAAAAAAABUwAAEAAIAADQZnMjAAAAEQAIAADSRRYMAAAAAQAYAEe3BABHs84AR7O/AEezOgAQ454AEOOFAAIASU1hY2ludG9zaCBIRDpVc2VyczoAd2FsdG9uOgBHb29nbGUgRHJpdmU6AFBhcGVyczoAMjAwMjoAUzoAU2hhdzIwMDJhYS5wZGYAAA4AHgAOAFMAaABhAHcAMgAwADAAMgBhAGEALgBwAGQAZgAPABoADABNAGEAYwBpAG4AdABvAHMAaAAgAEgARAASADZVc2Vycy93YWx0b24vR29vZ2xlIERyaXZlL1BhcGVycy8yMDAyL1MvU2hhdzIwMDJhYS5wZGYAEwABLwAAFQACAA3//wAAgAbSGxwdHlokY2xhc3NuYW1lWCRjbGFzc2VzXU5TTXV0YWJsZURhdGGjHR8gVk5TRGF0YVhOU09iamVjdNIbHCIjXE5TRGljdGlvbmFyeaIiIF8QD05TS2V5ZWRBcmNoaXZlctEmJ1Ryb290gAEACAARABoAIwAtADIANwBAAEYATQBVAGAAZwBqAGwAbgBxAHMAdQB3AIQAjgDPANQA3AKIAooCjwKaAqMCsQK1ArwCxQLKAtcC2gLsAu8C9AAAAAAAAAIBAAAAAAAAACgAAAAAAAAAAAAAAAAAAAL2},
  bdsk-url-1 = {http://dx.doi.org/10.1038/417287a},
}


@article{shang:2011aa,
  author = {Shang, Yuhua and Haynes, Paula and P{\'{\i}}rez, Nicol{\'{a}}s and Harrington, Kyle I and Guo, Fang and Pollack, Jordan and Hong, Pengyu and Griffith, Leslie C and Rosbash, Michael},
  date-added = {2015-10-14 07:05:38 +0000},
  date-modified = {2015-10-14 07:05:38 +0000},
  journal = {Nature Neuroscience},
  month = {jun},
  number = {7},
  pages = {889--895},
  publisher = {Nature Publishing Group},
  title = {{Imaging analysis of clock neurons reveals light buffers the wake-promoting effect of dopamine}},
  volume = {14},
  year = {2011},
  bdsk-file-1 = {YnBsaXN0MDDUAQIDBAUGJCVYJHZlcnNpb25YJG9iamVjdHNZJGFyY2hpdmVyVCR0b3ASAAGGoKgHCBMUFRYaIVUkbnVsbNMJCgsMDxJXTlMua2V5c1pOUy5vYmplY3RzViRjbGFzc6INDoACgAOiEBGABIAFgAdccmVsYXRpdmVQYXRoWWFsaWFzRGF0YV8QPy4uLy4uLy4uLy4uLy4uLy4uLy4uL0dvb2dsZSBEcml2ZS9QYXBlcnMvMjAxMS9TL1NoYW5nMjAxMWFhLnBkZtIXCxgZV05TLmRhdGFPEQGsAAAAAAGsAAIAAAxNYWNpbnRvc2ggSEQAAAAAAAAAAAAAAAAAAADQZvGzSCsAAABHtioPU2hhbmcyMDExYWEucGRmAAAAAAAAAAAAAAAAAAAAAAAAAAAAAAAAAAAAAAAAAAAAAAAAAAAAAAAAAAAAAAAAAeE/BNJFPn8AAAAAAAAAAAAHAAUAAAkgAAAAAAAAAAAAAAAAAAAAAVMAABAACAAA0GZzIwAAABEACAAA0kS/7wAAAAEAGABHtioAR7PuAEezvwBHszoAEOOeABDjhQACAEpNYWNpbnRvc2ggSEQ6VXNlcnM6AHdhbHRvbjoAR29vZ2xlIERyaXZlOgBQYXBlcnM6ADIwMTE6AFM6AFNoYW5nMjAxMWFhLnBkZgAOACAADwBTAGgAYQBuAGcAMgAwADEAMQBhAGEALgBwAGQAZgAPABoADABNAGEAYwBpAG4AdABvAHMAaAAgAEgARAASADdVc2Vycy93YWx0b24vR29vZ2xlIERyaXZlL1BhcGVycy8yMDExL1MvU2hhbmcyMDExYWEucGRmAAATAAEvAAAVAAIADf//AACABtIbHB0eWiRjbGFzc25hbWVYJGNsYXNzZXNdTlNNdXRhYmxlRGF0YaMdHyBWTlNEYXRhWE5TT2JqZWN00hscIiNcTlNEaWN0aW9uYXJ5oiIgXxAPTlNLZXllZEFyY2hpdmVy0SYnVHJvb3SAAQAIABEAGgAjAC0AMgA3AEAARgBNAFUAYABnAGoAbABuAHEAcwB1AHcAhACOANAA1QDdAo0CjwKUAp8CqAK2AroCwQLKAs8C3ALfAvEC9AL5AAAAAAAAAgEAAAAAAAAAKAAAAAAAAAAAAAAAAAAAAvs=},
  bdsk-url-1 = {http://dx.doi.org/10.1038/nn.2860},
}


@article{ueno:2012aa,
  author = {Ueno, Taro and Tomita, Jun and Tanimoto, Hiromu and Endo, Keita and Ito, Kei and Kume, Shoen and Kume, Kazuhiko},
  date-added = {2015-10-14 07:05:30 +0000},
  date-modified = {2015-10-14 07:05:30 +0000},
  journal = {Nature Neuroscience},
  month = {oct},
  number = {11},
  pages = {1516--1523},
  publisher = {Nature Publishing Group},
  title = {{Identification of a dopamine pathway that regulates sleep and arousal in Drosophila}},
  volume = {15},
  year = {2012},
  bdsk-file-1 = {YnBsaXN0MDDUAQIDBAUGJCVYJHZlcnNpb25YJG9iamVjdHNZJGFyY2hpdmVyVCR0b3ASAAGGoKgHCBMUFRYaIVUkbnVsbNMJCgsMDxJXTlMua2V5c1pOUy5vYmplY3RzViRjbGFzc6INDoACgAOiEBGABIAFgAdccmVsYXRpdmVQYXRoWWFsaWFzRGF0YV8QPi4uLy4uLy4uLy4uLy4uLy4uLy4uL0dvb2dsZSBEcml2ZS9QYXBlcnMvMjAxMi9VL1Vlbm8yMDEyYWEucGRm0hcLGBlXTlMuZGF0YU8RAagAAAAAAagAAgAADE1hY2ludG9zaCBIRAAAAAAAAAAAAAAAAAAAANBm8bNIKwAAAEe0pw5VZW5vMjAxMmFhLnBkZgAAAAAAAAAAAAAAAAAAAAAAAAAAAAAAAAAAAAAAAAAAAAAAAAAAAAAAAAAAAAAAAAAB4T8y0kU+jgAAAAAAAAAAAAcABQAACSAAAAAAAAAAAAAAAAAAAAABVQAAEAAIAADQZnMjAAAAEQAIAADSRL/+AAAAAQAYAEe0pwBHtAEAR7O/AEezOgAQ454AEOOFAAIASU1hY2ludG9zaCBIRDpVc2VyczoAd2FsdG9uOgBHb29nbGUgRHJpdmU6AFBhcGVyczoAMjAxMjoAVToAVWVubzIwMTJhYS5wZGYAAA4AHgAOAFUAZQBuAG8AMgAwADEAMgBhAGEALgBwAGQAZgAPABoADABNAGEAYwBpAG4AdABvAHMAaAAgAEgARAASADZVc2Vycy93YWx0b24vR29vZ2xlIERyaXZlL1BhcGVycy8yMDEyL1UvVWVubzIwMTJhYS5wZGYAEwABLwAAFQACAA3//wAAgAbSGxwdHlokY2xhc3NuYW1lWCRjbGFzc2VzXU5TTXV0YWJsZURhdGGjHR8gVk5TRGF0YVhOU09iamVjdNIbHCIjXE5TRGljdGlvbmFyeaIiIF8QD05TS2V5ZWRBcmNoaXZlctEmJ1Ryb290gAEACAARABoAIwAtADIANwBAAEYATQBVAGAAZwBqAGwAbgBxAHMAdQB3AIQAjgDPANQA3AKIAooCjwKaAqMCsQK1ArwCxQLKAtcC2gLsAu8C9AAAAAAAAAIBAAAAAAAAACgAAAAAAAAAAAAAAAAAAAL2},
  bdsk-url-1 = {http://dx.doi.org/10.1038/nn.3238},
}


@article{chung:2009aa,
  author = {Chung, Brian Y. and Kilman, Valerie L. and Keath, J. Russel and Pitman, Jena L. and Allada, Ravi},
  date-added = {2015-10-14 07:05:20 +0000},
  date-modified = {2015-10-14 07:05:20 +0000},
  journal = {Current Biology},
  month = {mar},
  number = {5},
  pages = {386--390},
  publisher = {Elsevier {BV}},
  title = {{The {GABAA} Receptor {RDL} Acts in Peptidergic {PDF} Neurons to Promote Sleep in Drosophila}},
  volume = {19},
  year = {2009},
  bdsk-file-1 = {YnBsaXN0MDDUAQIDBAUGJCVYJHZlcnNpb25YJG9iamVjdHNZJGFyY2hpdmVyVCR0b3ASAAGGoKgHCBMUFRYaIVUkbnVsbNMJCgsMDxJXTlMua2V5c1pOUy5vYmplY3RzViRjbGFzc6INDoACgAOiEBGABIAFgAdccmVsYXRpdmVQYXRoWWFsaWFzRGF0YV8QPy4uLy4uLy4uLy4uLy4uLy4uLy4uL0dvb2dsZSBEcml2ZS9QYXBlcnMvMjAwOS9DL0NodW5nMjAwOWFhLnBkZtIXCxgZV05TLmRhdGFPEQGsAAAAAAGsAAIAAAxNYWNpbnRvc2ggSEQAAAAAAAAAAAAAAAAAAADQZvGzSCsAAABHtjYPQ2h1bmcyMDA5YWEucGRmAAAAAAAAAAAAAAAAAAAAAAAAAAAAAAAAAAAAAAAAAAAAAAAAAAAAAAAAAAAAAAAAAeE/atJFPpwAAAAAAAAAAAAHAAUAAAkgAAAAAAAAAAAAAAAAAAAAAUMAABAACAAA0GZzIwAAABEACAAA0kTADAAAAAEAGABHtjYAR7PKAEezvwBHszoAEOOeABDjhQACAEpNYWNpbnRvc2ggSEQ6VXNlcnM6AHdhbHRvbjoAR29vZ2xlIERyaXZlOgBQYXBlcnM6ADIwMDk6AEM6AENodW5nMjAwOWFhLnBkZgAOACAADwBDAGgAdQBuAGcAMgAwADAAOQBhAGEALgBwAGQAZgAPABoADABNAGEAYwBpAG4AdABvAHMAaAAgAEgARAASADdVc2Vycy93YWx0b24vR29vZ2xlIERyaXZlL1BhcGVycy8yMDA5L0MvQ2h1bmcyMDA5YWEucGRmAAATAAEvAAAVAAIADf//AACABtIbHB0eWiRjbGFzc25hbWVYJGNsYXNzZXNdTlNNdXRhYmxlRGF0YaMdHyBWTlNEYXRhWE5TT2JqZWN00hscIiNcTlNEaWN0aW9uYXJ5oiIgXxAPTlNLZXllZEFyY2hpdmVy0SYnVHJvb3SAAQAIABEAGgAjAC0AMgA3AEAARgBNAFUAYABnAGoAbABuAHEAcwB1AHcAhACOANAA1QDdAo0CjwKUAp8CqAK2AroCwQLKAs8C3ALfAvEC9AL5AAAAAAAAAgEAAAAAAAAAKAAAAAAAAAAAAAAAAAAAAvs=},
  bdsk-url-1 = {http://dx.doi.org/10.1016/j.cub.2009.01.040},
}


@article{astori:2011aa,
  author = {Astori, S. and Wimmer, R. D. and Prosser, H. M. and Corti, C. and Corsi, M. and Liaudet, N. and Volterra, A. and Franken, P. and Adelman, J. P. and Luthi, A.},
  date-added = {2015-10-09 06:36:44 +0000},
  date-modified = {2015-10-09 06:36:44 +0000},
  journal = {Proceedings of the National Academy of Sciences},
  month = {aug},
  number = {33},
  pages = {13823--13828},
  publisher = {Proceedings of the National Academy of Sciences},
  title = {{The {CaV}3.3 calcium channel is the major sleep spindle pacemaker in thalamus}},
  volume = {108},
  year = {2011},
  bdsk-file-1 = {YnBsaXN0MDDUAQIDBAUGJCVYJHZlcnNpb25YJG9iamVjdHNZJGFyY2hpdmVyVCR0b3ASAAGGoKgHCBMUFRYaIVUkbnVsbNMJCgsMDxJXTlMua2V5c1pOUy5vYmplY3RzViRjbGFzc6INDoACgAOiEBGABIAFgAdccmVsYXRpdmVQYXRoWWFsaWFzRGF0YV8QQC4uLy4uLy4uLy4uLy4uLy4uLy4uL0dvb2dsZSBEcml2ZS9QYXBlcnMvMjAxMS9BL0FzdG9yaTIwMTFhYS5wZGbSFwsYGVdOUy5kYXRhTxEBsAAAAAABsAACAAAMTWFjaW50b3NoIEhEAAAAAAAAAAAAAAAAAAAA0Gbxs0grAAAAR7Q4EEFzdG9yaTIwMTFhYS5wZGYAAAAAAAAAAAAAAAAAAAAAAAAAAAAAAAAAAAAAAAAAAAAAAAAAAAAAAAAAAAAAAAHaTfDSPY83AAAAAAAAAAAABwAFAAAJIAAAAAAAAAAAAAAAAAAAAAFBAAAQAAgAANBmcyMAAAARAAgAANI9EKcAAAABABgAR7Q4AEez7gBHs78AR7M6ABDjngAQ44UAAgBLTWFjaW50b3NoIEhEOlVzZXJzOgB3YWx0b246AEdvb2dsZSBEcml2ZToAUGFwZXJzOgAyMDExOgBBOgBBc3RvcmkyMDExYWEucGRmAAAOACIAEABBAHMAdABvAHIAaQAyADAAMQAxAGEAYQAuAHAAZABmAA8AGgAMAE0AYQBjAGkAbgB0AG8AcwBoACAASABEABIAOFVzZXJzL3dhbHRvbi9Hb29nbGUgRHJpdmUvUGFwZXJzLzIwMTEvQS9Bc3RvcmkyMDExYWEucGRmABMAAS8AABUAAgAN//8AAIAG0hscHR5aJGNsYXNzbmFtZVgkY2xhc3Nlc11OU011dGFibGVEYXRhox0fIFZOU0RhdGFYTlNPYmplY3TSGxwiI1xOU0RpY3Rpb25hcnmiIiBfEA9OU0tleWVkQXJjaGl2ZXLRJidUcm9vdIABAAgAEQAaACMALQAyADcAQABGAE0AVQBgAGcAagBsAG4AcQBzAHUAdwCEAI4A0QDWAN4CkgKUApkCpAKtArsCvwLGAs8C1ALhAuQC9gL5Av4AAAAAAAACAQAAAAAAAAAoAAAAAAAAAAAAAAAAAAADAA==},
  bdsk-url-1 = {http://dx.doi.org/10.1073/pnas.1105115108},
}


@article{cheong:2013aa,
  author = {Cheong, E. and Shin, H.-S.},
  date-added = {2015-07-27 14:27:09 +0000},
  date-modified = {2015-07-27 14:27:46 +0000},
  doi = {10.1152/physrev.00010.2012},
  journal = {Physiological Reviews},
  month = {jul},
  number = {3},
  pages = {961--992},
  publisher = {American Physiological Society},
  title = {{T-Type Ca2+ Channels in Normal and Abnormal Brain Functions}},
  volume = {93},
  year = {2013},
  bdsk-file-1 = {YnBsaXN0MDDUAQIDBAUGJCVYJHZlcnNpb25YJG9iamVjdHNZJGFyY2hpdmVyVCR0b3ASAAGGoKgHCBMUFRYaIVUkbnVsbNMJCgsMDxJXTlMua2V5c1pOUy5vYmplY3RzViRjbGFzc6INDoACgAOiEBGABIAFgAdccmVsYXRpdmVQYXRoWWFsaWFzRGF0YV8QQC4uLy4uLy4uLy4uLy4uLy4uLy4uL0dvb2dsZSBEcml2ZS9QYXBlcnMvMjAxMy9DL0NoZW9uZzIwMTNhYS5wZGbSFwsYGVdOUy5kYXRhTxEBsAAAAAABsAACAAAMTWFjaW50b3NoIEhEAAAAAAAAAAAAAAAAAAAA0Gbxs0grAAAAR7XPEENoZW9uZzIwMTNhYS5wZGYAAAAAAAAAAAAAAAAAAAAAAAAAAAAAAAAAAAAAAAAAAAAAAAAAAAAAAAAAAAAAAAHaTwbPdbuIAAAAAAAAAAAABwAFAAAJIAAAAAAAAAAAAAAAAAAAAAFDAAAQAAgAANBmcyMAAAARAAgAAM91PPgAAAABABgAR7XPAEez/ABHs78AR7M6ABDjngAQ44UAAgBLTWFjaW50b3NoIEhEOlVzZXJzOgB3YWx0b246AEdvb2dsZSBEcml2ZToAUGFwZXJzOgAyMDEzOgBDOgBDaGVvbmcyMDEzYWEucGRmAAAOACIAEABDAGgAZQBvAG4AZwAyADAAMQAzAGEAYQAuAHAAZABmAA8AGgAMAE0AYQBjAGkAbgB0AG8AcwBoACAASABEABIAOFVzZXJzL3dhbHRvbi9Hb29nbGUgRHJpdmUvUGFwZXJzLzIwMTMvQy9DaGVvbmcyMDEzYWEucGRmABMAAS8AABUAAgAN//8AAIAG0hscHR5aJGNsYXNzbmFtZVgkY2xhc3Nlc11OU011dGFibGVEYXRhox0fIFZOU0RhdGFYTlNPYmplY3TSGxwiI1xOU0RpY3Rpb25hcnmiIiBfEA9OU0tleWVkQXJjaGl2ZXLRJidUcm9vdIABAAgAEQAaACMALQAyADcAQABGAE0AVQBgAGcAagBsAG4AcQBzAHUAdwCEAI4A0QDWAN4CkgKUApkCpAKtArsCvwLGAs8C1ALhAuQC9gL5Av4AAAAAAAACAQAAAAAAAAAoAAAAAAAAAAAAAAAAAAADAA==},
  bdsk-url-1 = {http://dx.doi.org/10.1152/physrev.00010.2012},
}


@article{weyand:2001aa,
  author = {Weyand, Theodore G and Boudreaux, Michael and Guido, William},
  date-added = {2015-07-27 08:17:50 +0000},
  date-modified = {2015-07-27 08:17:58 +0000},
  journal = {Journal of neurophysiology},
  number = {3},
  pages = {1107--1118},
  publisher = {Am Physiological Soc},
  title = {{Burst and tonic response modes in thalamic neurons during sleep and wakefulness}},
  volume = {85},
  year = {2001},
  bdsk-file-1 = {YnBsaXN0MDDUAQIDBAUGJCVYJHZlcnNpb25YJG9iamVjdHNZJGFyY2hpdmVyVCR0b3ASAAGGoKgHCBMUFRYaIVUkbnVsbNMJCgsMDxJXTlMua2V5c1pOUy5vYmplY3RzViRjbGFzc6INDoACgAOiEBGABIAFgAdccmVsYXRpdmVQYXRoWWFsaWFzRGF0YV8QQC4uLy4uLy4uLy4uLy4uLy4uLy4uL0dvb2dsZSBEcml2ZS9QYXBlcnMvMjAwMS9XL1dleWFuZDIwMDFhYS5wZGbSFwsYGVdOUy5kYXRhTxEBsAAAAAABsAACAAAMTWFjaW50b3NoIEhEAAAAAAAAAAAAAAAAAAAA0Gbxs0grAAAAR7dDEFdleWFuZDIwMDFhYS5wZGYAAAAAAAAAAAAAAAAAAAAAAAAAAAAAAAAAAAAAAAAAAAAAAAAAAAAAAAAAAAAAAAGMGLa2ypv8AAAAAAAAAAAABwAFAAAJIAAAAAAAAAAAAAAAAAAAAAFXAAAQAAgAANBmcyMAAAARAAgAALbKHWwAAAABABgAR7dDAEezxgBHs78AR7M6ABDjngAQ44UAAgBLTWFjaW50b3NoIEhEOlVzZXJzOgB3YWx0b246AEdvb2dsZSBEcml2ZToAUGFwZXJzOgAyMDAxOgBXOgBXZXlhbmQyMDAxYWEucGRmAAAOACIAEABXAGUAeQBhAG4AZAAyADAAMAAxAGEAYQAuAHAAZABmAA8AGgAMAE0AYQBjAGkAbgB0AG8AcwBoACAASABEABIAOFVzZXJzL3dhbHRvbi9Hb29nbGUgRHJpdmUvUGFwZXJzLzIwMDEvVy9XZXlhbmQyMDAxYWEucGRmABMAAS8AABUAAgAN//8AAIAG0hscHR5aJGNsYXNzbmFtZVgkY2xhc3Nlc11OU011dGFibGVEYXRhox0fIFZOU0RhdGFYTlNPYmplY3TSGxwiI1xOU0RpY3Rpb25hcnmiIiBfEA9OU0tleWVkQXJjaGl2ZXLRJidUcm9vdIABAAgAEQAaACMALQAyADcAQABGAE0AVQBgAGcAagBsAG4AcQBzAHUAdwCEAI4A0QDWAN4CkgKUApkCpAKtArsCvwLGAs8C1ALhAuQC9gL5Av4AAAAAAAACAQAAAAAAAAAoAAAAAAAAAAAAAAAAAAADAA==},
}


@article{crunelli:2006aa,
  author = {Crunelli, V and Cope, D and Hughes, S},
  date-added = {2015-07-27 08:15:39 +0000},
  date-modified = {2015-07-27 08:16:12 +0000},
  doi = {10.1016/j.ceca.2006.04.022},
  journal = {Cell Calcium},
  month = {aug},
  number = {2},
  pages = {175--190},
  publisher = {Elsevier {BV}},
  title = {{Thalamic T-type Ca2+ channels and {NREM} sleep}},
  volume = {40},
  year = {2006},
  bdsk-file-1 = {YnBsaXN0MDDUAQIDBAUGJCVYJHZlcnNpb25YJG9iamVjdHNZJGFyY2hpdmVyVCR0b3ASAAGGoKgHCBMUFRYaIVUkbnVsbNMJCgsMDxJXTlMua2V5c1pOUy5vYmplY3RzViRjbGFzc6INDoACgAOiEBGABIAFgAdccmVsYXRpdmVQYXRoWWFsaWFzRGF0YV8QQi4uLy4uLy4uLy4uLy4uLy4uLy4uL0dvb2dsZSBEcml2ZS9QYXBlcnMvMjAwNi9DL0NSVU5FTExJMjAwNmFhLnBkZtIXCxgZV05TLmRhdGFPEQG4AAAAAAG4AAIAAAxNYWNpbnRvc2ggSEQAAAAAAAAAAAAAAAAAAADQZvGzSCsAAABHtuYSQ1JVTkVMTEkyMDA2YWEucGRmAAAAAAAAAAAAAAAAAAAAAAAAAAAAAAAAAAAAAAAAAAAAAAAAAAAAAAAAAAAAAYwY/si+AkcAAAAAAAAAAAAHAAUAAAkgAAAAAAAAAAAAAAAAAAAAAUMAABAACAAA0GZzIwAAABEACAAAyL2DtwAAAAEAGABHtuYAR7PiAEezvwBHszoAEOOeABDjhQACAE1NYWNpbnRvc2ggSEQ6VXNlcnM6AHdhbHRvbjoAR29vZ2xlIERyaXZlOgBQYXBlcnM6ADIwMDY6AEM6AENSVU5FTExJMjAwNmFhLnBkZgAADgAmABIAQwBSAFUATgBFAEwATABJADIAMAAwADYAYQBhAC4AcABkAGYADwAaAAwATQBhAGMAaQBuAHQAbwBzAGgAIABIAEQAEgA6VXNlcnMvd2FsdG9uL0dvb2dsZSBEcml2ZS9QYXBlcnMvMjAwNi9DL0NSVU5FTExJMjAwNmFhLnBkZgATAAEvAAAVAAIADf//AACABtIbHB0eWiRjbGFzc25hbWVYJGNsYXNzZXNdTlNNdXRhYmxlRGF0YaMdHyBWTlNEYXRhWE5TT2JqZWN00hscIiNcTlNEaWN0aW9uYXJ5oiIgXxAPTlNLZXllZEFyY2hpdmVy0SYnVHJvb3SAAQAIABEAGgAjAC0AMgA3AEAARgBNAFUAYABnAGoAbABuAHEAcwB1AHcAhACOANMA2ADgApwCngKjAq4CtwLFAskC0ALZAt4C6wLuAwADAwMIAAAAAAAAAgEAAAAAAAAAKAAAAAAAAAAAAAAAAAAAAwo=},
  bdsk-url-1 = {http://dx.doi.org/10.1016/j.ceca.2006.04.022},
}


@article{anderson:2005aa,
  author = {Anderson, M. P. and Mochizuki, T. and Xie, J. and Fischler, W. and Manger, J. P. and Talley, E. M. and Scammell, T. E. and Tonegawa, S.},
  date-added = {2015-07-27 07:09:04 +0000},
  date-modified = {2015-07-27 07:11:45 +0000},
  doi = {10.1073/pnas.0409644102},
  journal = {Proceedings of the National Academy of Sciences},
  month = {jan},
  number = {5},
  pages = {1743--1748},
  publisher = {Proceedings of the National Academy of Sciences},
  title = {{Thalamic Cav3.1 T-type Ca2+ channel plays a crucial role in stabilizing sleep}},
  volume = {102},
  year = {2005},
  bdsk-file-1 = {YnBsaXN0MDDUAQIDBAUGJCVYJHZlcnNpb25YJG9iamVjdHNZJGFyY2hpdmVyVCR0b3ASAAGGoKgHCBMUFRYaIVUkbnVsbNMJCgsMDxJXTlMua2V5c1pOUy5vYmplY3RzViRjbGFzc6INDoACgAOiEBGABIAFgAdccmVsYXRpdmVQYXRoWWFsaWFzRGF0YV8QQi4uLy4uLy4uLy4uLy4uLy4uLy4uL0dvb2dsZSBEcml2ZS9QYXBlcnMvMjAwNS9BL0FuZGVyc29uMjAwNWFhLnBkZtIXCxgZV05TLmRhdGFPEQG4AAAAAAG4AAIAAAxNYWNpbnRvc2ggSEQAAAAAAAAAAAAAAAAAAADQZvGzSCsAAABHtGYSQW5kZXJzb24yMDA1YWEucGRmAAAAAAAAAAAAAAAAAAAAAAAAAAAAAAAAAAAAAAAAAAAAAAAAAAAAAAAAAAAAAYwNINHcBWcAAAAAAAAAAAAHAAUAAAkgAAAAAAAAAAAAAAAAAAAAAUEAABAACAAA0GZzIwAAABEACAAA0duG1wAAAAEAGABHtGYAR7P7AEezvwBHszoAEOOeABDjhQACAE1NYWNpbnRvc2ggSEQ6VXNlcnM6AHdhbHRvbjoAR29vZ2xlIERyaXZlOgBQYXBlcnM6ADIwMDU6AEE6AEFuZGVyc29uMjAwNWFhLnBkZgAADgAmABIAQQBuAGQAZQByAHMAbwBuADIAMAAwADUAYQBhAC4AcABkAGYADwAaAAwATQBhAGMAaQBuAHQAbwBzAGgAIABIAEQAEgA6VXNlcnMvd2FsdG9uL0dvb2dsZSBEcml2ZS9QYXBlcnMvMjAwNS9BL0FuZGVyc29uMjAwNWFhLnBkZgATAAEvAAAVAAIADf//AACABtIbHB0eWiRjbGFzc25hbWVYJGNsYXNzZXNdTlNNdXRhYmxlRGF0YaMdHyBWTlNEYXRhWE5TT2JqZWN00hscIiNcTlNEaWN0aW9uYXJ5oiIgXxAPTlNLZXllZEFyY2hpdmVy0SYnVHJvb3SAAQAIABEAGgAjAC0AMgA3AEAARgBNAFUAYABnAGoAbABuAHEAcwB1AHcAhACOANMA2ADgApwCngKjAq4CtwLFAskC0ALZAt4C6wLuAwADAwMIAAAAAAAAAgEAAAAAAAAAKAAAAAAAAAAAAAAAAAAAAwo=},
  bdsk-url-1 = {http://dx.doi.org/10.1073/pnas.0409644102},
}


@article{lambert:2013aa,
  author = {Lambert, R{\'{e}}gis C. and Bessa\"{\i}h, Thomas and Crunelli, Vincenzo and Leresche, Nathalie},
  date-added = {2015-07-27 01:17:27 +0000},
  date-modified = {2015-07-27 01:17:27 +0000},
  journal = {Pfl\"{u}gers Archiv - European Journal of Physiology},
  month = {sep},
  number = {3},
  pages = {415--423},
  publisher = {Springer Science \$\mathplus\$ Business Media},
  title = {{The many faces of T-type calcium channels}},
  volume = {466},
  year = {2013},
  bdsk-file-1 = {YnBsaXN0MDDUAQIDBAUGJCVYJHZlcnNpb25YJG9iamVjdHNZJGFyY2hpdmVyVCR0b3ASAAGGoKgHCBMUFRYaIVUkbnVsbNMJCgsMDxJXTlMua2V5c1pOUy5vYmplY3RzViRjbGFzc6INDoACgAOiEBGABIAFgAdccmVsYXRpdmVQYXRoWWFsaWFzRGF0YV8QQS4uLy4uLy4uLy4uLy4uLy4uLy4uL0dvb2dsZSBEcml2ZS9QYXBlcnMvMjAxNC9ML0xhbWJlcnQyMDE0YWEucGRm0hcLGBlXTlMuZGF0YU8RAbQAAAAAAbQAAgAADE1hY2ludG9zaCBIRAAAAAAAAAAAAAAAAAAAANBm8bNIKwAAAEe04xFMYW1iZXJ0MjAxNGFhLnBkZgAAAAAAAAAAAAAAAAAAAAAAAAAAAAAAAAAAAAAAAAAAAAAAAAAAAAAAAAAAAAABi+bj0du9A1BERiAAAAAAAAcABQAACSAAAAAAAAAAAAAAAAAAAAABTAAAEAAIAADQZnMjAAAAEQAIAADR2z5zAAAAAQAYAEe04wBHs88AR7O/AEezOgAQ454AEOOFAAIATE1hY2ludG9zaCBIRDpVc2VyczoAd2FsdG9uOgBHb29nbGUgRHJpdmU6AFBhcGVyczoAMjAxNDoATDoATGFtYmVydDIwMTRhYS5wZGYADgAkABEATABhAG0AYgBlAHIAdAAyADAAMQA0AGEAYQAuAHAAZABmAA8AGgAMAE0AYQBjAGkAbgB0AG8AcwBoACAASABEABIAOVVzZXJzL3dhbHRvbi9Hb29nbGUgRHJpdmUvUGFwZXJzLzIwMTQvTC9MYW1iZXJ0MjAxNGFhLnBkZgAAEwABLwAAFQACAA3//wAAgAbSGxwdHlokY2xhc3NuYW1lWCRjbGFzc2VzXU5TTXV0YWJsZURhdGGjHR8gVk5TRGF0YVhOU09iamVjdNIbHCIjXE5TRGljdGlvbmFyeaIiIF8QD05TS2V5ZWRBcmNoaXZlctEmJ1Ryb290gAEACAARABoAIwAtADIANwBAAEYATQBVAGAAZwBqAGwAbgBxAHMAdQB3AIQAjgDSANcA3wKXApkCngKpArICwALEAssC1ALZAuYC6QL7Av4DAwAAAAAAAAIBAAAAAAAAACgAAAAAAAAAAAAAAAAAAAMF},
  bdsk-url-1 = {http://dx.doi.org/10.1007/s00424-013-1353-6},
}


@article{steriade:1991aa,
  author = {Steriade, M and Dossi, R Curro and Nu{\~{n}}ez, A},
  date-added = {2015-07-24 07:20:43 +0000},
  date-modified = {2015-07-24 07:21:43 +0000},
  journal = {J Neurosci},
  number = {10},
  pages = {3200--3217},
  publisher = {Soc Neuroscience},
  title = {{Network modulation of a slow intrinsic oscillation of cat thalamocortical neurons implicated in sleep delta waves: cortically induced synchronization and brainstem cholinergic suppression}},
  volume = {11},
  year = {1991},
  bdsk-file-1 = {YnBsaXN0MDDUAQIDBAUGJCVYJHZlcnNpb25YJG9iamVjdHNZJGFyY2hpdmVyVCR0b3ASAAGGoKgHCBMUFRYaIVUkbnVsbNMJCgsMDxJXTlMua2V5c1pOUy5vYmplY3RzViRjbGFzc6INDoACgAOiEBGABIAFgAdccmVsYXRpdmVQYXRoWWFsaWFzRGF0YV8QQi4uLy4uLy4uLy4uLy4uLy4uLy4uL0dvb2dsZSBEcml2ZS9QYXBlcnMvMTk5MS9TL1N0ZXJpYWRlMTk5MWFhLnBkZtIXCxgZV05TLmRhdGFPEQG4AAAAAAG4AAIAAAxNYWNpbnRvc2ggSEQAAAAAAAAAAAAAAAAAAADQZvGzSCsAAAGKLqkSU3RlcmlhZGUxOTkxYWEucGRmAAAAAAAAAAAAAAAAAAAAAAAAAAAAAAAAAAAAAAAAAAAAAAAAAAAAAAAAAAAAAYotkLuQuuAAAAAAAAAAAAAHAAUAAAkgAAAAAAAAAAAAAAAAAAAAAVMAABAACAAA0GZzIwAAABEACAAAu5A8UAAAAAEAGAGKLqkAR7P1AEezvwBHszoAEOOeABDjhQACAE1NYWNpbnRvc2ggSEQ6VXNlcnM6AHdhbHRvbjoAR29vZ2xlIERyaXZlOgBQYXBlcnM6ADE5OTE6AFM6AFN0ZXJpYWRlMTk5MWFhLnBkZgAADgAmABIAUwB0AGUAcgBpAGEAZABlADEAOQA5ADEAYQBhAC4AcABkAGYADwAaAAwATQBhAGMAaQBuAHQAbwBzAGgAIABIAEQAEgA6VXNlcnMvd2FsdG9uL0dvb2dsZSBEcml2ZS9QYXBlcnMvMTk5MS9TL1N0ZXJpYWRlMTk5MWFhLnBkZgATAAEvAAAVAAIADf//AACABtIbHB0eWiRjbGFzc25hbWVYJGNsYXNzZXNdTlNNdXRhYmxlRGF0YaMdHyBWTlNEYXRhWE5TT2JqZWN00hscIiNcTlNEaWN0aW9uYXJ5oiIgXxAPTlNLZXllZEFyY2hpdmVy0SYnVHJvb3SAAQAIABEAGgAjAC0AMgA3AEAARgBNAFUAYABnAGoAbABuAHEAcwB1AHcAhACOANMA2ADgApwCngKjAq4CtwLFAskC0ALZAt4C6wLuAwADAwMIAAAAAAAAAgEAAAAAAAAAKAAAAAAAAAAAAAAAAAAAAwo=},
}


@article{dossi:1992aa,
  author = {Dossi, R C and Nu{\~{n}}ez, A and Steriade, M},
  date-added = {2015-07-24 07:17:26 +0000},
  date-modified = {2015-07-24 07:18:06 +0000},
  doi = {10.1113/jphysiol.1992.sp018999},
  journal = {The Journal of Physiology},
  month = {Feb},
  number = {1},
  pages = {215--234},
  publisher = {Wiley-Blackwell},
  title = {{Electrophysiology of a slow (0.5-4 Hz) intrinsic oscillation of cat thalamocortical neurones in vivo.}},
  volume = {447},
  year = {1992},
  bdsk-file-1 = {YnBsaXN0MDDUAQIDBAUGJCVYJHZlcnNpb25YJG9iamVjdHNZJGFyY2hpdmVyVCR0b3ASAAGGoKgHCBMUFRYaIVUkbnVsbNMJCgsMDxJXTlMua2V5c1pOUy5vYmplY3RzViRjbGFzc6INDoACgAOiEBGABIAFgAdccmVsYXRpdmVQYXRoWWFsaWFzRGF0YV8QPy4uLy4uLy4uLy4uLy4uLy4uLy4uL0dvb2dsZSBEcml2ZS9QYXBlcnMvMTk5Mi9EL0Rvc3NpMTk5MmFhLnBkZtIXCxgZV05TLmRhdGFPEQGsAAAAAAGsAAIAAAxNYWNpbnRvc2ggSEQAAAAAAAAAAAAAAAAAAADQZvGzSCsAAABHtfoPRG9zc2kxOTkyYWEucGRmAAAAAAAAAAAAAAAAAAAAAAAAAAAAAAAAAAAAAAAAAAAAAAAAAAAAAAAAAAAAAAAAAYotk9C36lkAAAAAAAAAAAAHAAUAAAkgAAAAAAAAAAAAAAAAAAAAAUQAABAACAAA0GZzIwAAABEACAAA0LdryQAAAAEAGABHtfoAR7PxAEezvwBHszoAEOOeABDjhQACAEpNYWNpbnRvc2ggSEQ6VXNlcnM6AHdhbHRvbjoAR29vZ2xlIERyaXZlOgBQYXBlcnM6ADE5OTI6AEQ6AERvc3NpMTk5MmFhLnBkZgAOACAADwBEAG8AcwBzAGkAMQA5ADkAMgBhAGEALgBwAGQAZgAPABoADABNAGEAYwBpAG4AdABvAHMAaAAgAEgARAASADdVc2Vycy93YWx0b24vR29vZ2xlIERyaXZlL1BhcGVycy8xOTkyL0QvRG9zc2kxOTkyYWEucGRmAAATAAEvAAAVAAIADf//AACABtIbHB0eWiRjbGFzc25hbWVYJGNsYXNzZXNdTlNNdXRhYmxlRGF0YaMdHyBWTlNEYXRhWE5TT2JqZWN00hscIiNcTlNEaWN0aW9uYXJ5oiIgXxAPTlNLZXllZEFyY2hpdmVy0SYnVHJvb3SAAQAIABEAGgAjAC0AMgA3AEAARgBNAFUAYABnAGoAbABuAHEAcwB1AHcAhACOANAA1QDdAo0CjwKUAp8CqAK2AroCwQLKAs8C3ALfAvEC9AL5AAAAAAAAAgEAAAAAAAAAKAAAAAAAAAAAAAAAAAAAAvs=},
  bdsk-url-1 = {http://dx.doi.org/10.1113/jphysiol.1992.sp018999},
}


@article{Osterwalder:2001cl,
  affiliation = {Department of Molecular, Cellular, and Developmental Biology, and Pharmacology Department, Yale University, P. O. Box 208103, New Haven, CT 06511, USA. thomas.osterwalder@yale.edu},
  author = {Osterwalder, T and Yoon, K S and White, B H and Keshishian, H},
  date-added = {2015-07-23 03:52:13 +0000},
  date-modified = {2015-07-23 03:52:13 +0000},
  doi = {10.1073/pnas.221303298},
  file = {{Osterwalder2001cl.pdf:/Users/walton/Google Drive/Papers/2001/O/Osterwalder2001cl.pdf:application/pdf}},
  journal = {PNAS},
  language = {eng},
  month = {oct},
  number = {22},
  pages = {12596--12601},
  pmid = {11675495},
  rating = {0},
  title = {{A conditional tissue-specific transgene expression system using inducible GAL4}},
  volume = {98},
  year = {2001},
  abstract = {In Drosophila, the most widely used system for generating spatially restricted transgene expression is based on the yeast GAL4 protein and its target upstream activating sequence (UAS). To permit temporal as well as spatial control over UAS-transgene expression, we have explored the use of a conditional RU486-dependent GAL4 protein (GeneSwitch) in Drosophila. By using cloned promoter fragments of the embryonic lethal abnormal vision gene or the myosin heavy chain gene, we have expressed GeneSwitch specifically in neurons or muscles and show that its transcriptional activity within the target tissues depends on the presence of the activator RU486 (mifepristone). We used available UAS-reporter lines to demonstrate RU486-dependent tissue-specific transgene expression in larvae. Reporter protein expression could be detected 5 h after systemic application of RU486 by either feeding or {larval bathing.} Transgene expression levels were dose-dependent on RU486 concentration in larval food, with low background expression in the absence of RU486. By using genetically altered ion channels as reporters, we were able to change the physiological properties of larval bodywall muscles in an RU486-dependent fashion. We demonstrate here the applicability of GeneSwitch for conditional tissue-specific expression in Drosophila, and we provide tools to control pre- and postsynaptic expression of transgenes at the larval neuromuscular junction during postembryonic life.},
  bdsk-file-1 = {YnBsaXN0MDDUAQIDBAUGJCVYJHZlcnNpb25YJG9iamVjdHNZJGFyY2hpdmVyVCR0b3ASAAGGoKgHCBMUFRYaIVUkbnVsbNMJCgsMDxJXTlMua2V5c1pOUy5vYmplY3RzViRjbGFzc6INDoACgAOiEBGABIAFgAdccmVsYXRpdmVQYXRoWWFsaWFzRGF0YV8QRS4uLy4uLy4uLy4uLy4uLy4uLy4uL0dvb2dsZSBEcml2ZS9QYXBlcnMvMjAwMS9PL09zdGVyd2FsZGVyMjAwMWNsLnBkZtIXCxgZV05TLmRhdGFPEQHEAAAAAAHEAAIAAAxNYWNpbnRvc2ggSEQAAAAAAAAAAAAAAAAAAADQZvGzSCsAAABHtOEVT3N0ZXJ3YWxkZXIyMDAxY2wucGRmAAAAAAAAAAAAAAAAAAAAAAAAAAAAAAAAAAAAAAAAAAAAAAAAAAAAAAAAAEfn+ccZ6mQAAAAAAAAAAAAHAAUAAAkgAAAAAAAAAAAAAAAAAAAAAU8AABAACAAA0GZzIwAAABEACAAAxxlr1AAAAAEAGABHtOEAR7PGAEezvwBHszoAEOOeABDjhQACAFBNYWNpbnRvc2ggSEQ6VXNlcnM6AHdhbHRvbjoAR29vZ2xlIERyaXZlOgBQYXBlcnM6ADIwMDE6AE86AE9zdGVyd2FsZGVyMjAwMWNsLnBkZgAOACwAFQBPAHMAdABlAHIAdwBhAGwAZABlAHIAMgAwADAAMQBjAGwALgBwAGQAZgAPABoADABNAGEAYwBpAG4AdABvAHMAaAAgAEgARAASAD1Vc2Vycy93YWx0b24vR29vZ2xlIERyaXZlL1BhcGVycy8yMDAxL08vT3N0ZXJ3YWxkZXIyMDAxY2wucGRmAAATAAEvAAAVAAIADf//AACABtIbHB0eWiRjbGFzc25hbWVYJGNsYXNzZXNdTlNNdXRhYmxlRGF0YaMdHyBWTlNEYXRhWE5TT2JqZWN00hscIiNcTlNEaWN0aW9uYXJ5oiIgXxAPTlNLZXllZEFyY2hpdmVy0SYnVHJvb3SAAQAIABEAGgAjAC0AMgA3AEAARgBNAFUAYABnAGoAbABuAHEAcwB1AHcAhACOANYA2wDjAqsCrQKyAr0CxgLUAtgC3wLoAu0C+gL9Aw8DEgMXAAAAAAAAAgEAAAAAAAAAKAAAAAAAAAAAAAAAAAAAAxk=},
  bdsk-url-1 = {http://www.pnas.org/content/98/22/12596.long},
  bdsk-url-2 = {http://dx.doi.org/10.1073/pnas.221303298},
}


@article{perez-reyes:2003aa,
  author = {Perez-Reyes, E.},
  date-added = {2015-07-22 05:44:30 +0000},
  date-modified = {2015-07-22 05:45:23 +0000},
  doi = {10.1152/physrev.00018.2002},
  journal = {Physiological Reviews},
  month = {jan},
  number = {1},
  pages = {117--161},
  publisher = {American Physiological Society},
  title = {{Molecular Physiology of Low-Voltage-Activated T-type Calcium Channels}},
  volume = {83},
  year = {2003},
  bdsk-file-1 = {YnBsaXN0MDDUAQIDBAUGJCVYJHZlcnNpb25YJG9iamVjdHNZJGFyY2hpdmVyVCR0b3ASAAGGoKgHCBMUFRYaIVUkbnVsbNMJCgsMDxJXTlMua2V5c1pOUy5vYmplY3RzViRjbGFzc6INDoACgAOiEBGABIAFgAdccmVsYXRpdmVQYXRoWWFsaWFzRGF0YV8QRS4uLy4uLy4uLy4uLy4uLy4uLy4uL0dvb2dsZSBEcml2ZS9QYXBlcnMvMjAwMy9QL1BlcmV6LVJleWVzMjAwM2FhLnBkZtIXCxgZV05TLmRhdGFPEQHEAAAAAAHEAAIAAAxNYWNpbnRvc2ggSEQAAAAAAAAAAAAAAAAAAADQZvGzSCsAAABHtMcVUGVyZXotUmV5ZXMyMDAzYWEucGRmAAAAAAAAAAAAAAAAAAAAAAAAAAAAAAAAAAAAAAAAAAAAAAAAAAAAAAAAAYWLutHS44cAAAAAAAAAAAAHAAUAAAkgAAAAAAAAAAAAAAAAAAAAAVAAABAACAAA0GZzIwAAABEACAAA0dJk9wAAAAEAGABHtMcAR7PIAEezvwBHszoAEOOeABDjhQACAFBNYWNpbnRvc2ggSEQ6VXNlcnM6AHdhbHRvbjoAR29vZ2xlIERyaXZlOgBQYXBlcnM6ADIwMDM6AFA6AFBlcmV6LVJleWVzMjAwM2FhLnBkZgAOACwAFQBQAGUAcgBlAHoALQBSAGUAeQBlAHMAMgAwADAAMwBhAGEALgBwAGQAZgAPABoADABNAGEAYwBpAG4AdABvAHMAaAAgAEgARAASAD1Vc2Vycy93YWx0b24vR29vZ2xlIERyaXZlL1BhcGVycy8yMDAzL1AvUGVyZXotUmV5ZXMyMDAzYWEucGRmAAATAAEvAAAVAAIADf//AACABtIbHB0eWiRjbGFzc25hbWVYJGNsYXNzZXNdTlNNdXRhYmxlRGF0YaMdHyBWTlNEYXRhWE5TT2JqZWN00hscIiNcTlNEaWN0aW9uYXJ5oiIgXxAPTlNLZXllZEFyY2hpdmVy0SYnVHJvb3SAAQAIABEAGgAjAC0AMgA3AEAARgBNAFUAYABnAGoAbABuAHEAcwB1AHcAhACOANYA2wDjAqsCrQKyAr0CxgLUAtgC3wLoAu0C+gL9Aw8DEgMXAAAAAAAAAgEAAAAAAAAAKAAAAAAAAAAAAAAAAAAAAxk=},
  bdsk-url-1 = {http://dx.doi.org/10.1152/physrev.00018.2002},
}


@article{senatore:2012aa,
  author = {Senatore, Adriano and Zhorov, Boris S. and Spafford, J. David},
  date-added = {2015-07-22 05:43:27 +0000},
  date-modified = {2015-07-22 05:45:40 +0000},
  doi = {10.1002/wmts.41},
  journal = {{WIREs} Membr Transp Signal},
  month = {feb},
  number = {4},
  pages = {467--491},
  publisher = {Wiley-Blackwell},
  title = {{Cav3 T-type calcium channels}},
  volume = {1},
  year = {2012},
  bdsk-file-1 = {YnBsaXN0MDDUAQIDBAUGJCVYJHZlcnNpb25YJG9iamVjdHNZJGFyY2hpdmVyVCR0b3ASAAGGoKgHCBMUFRYaIVUkbnVsbNMJCgsMDxJXTlMua2V5c1pOUy5vYmplY3RzViRjbGFzc6INDoACgAOiEBGABIAFgAdccmVsYXRpdmVQYXRoWWFsaWFzRGF0YV8QQi4uLy4uLy4uLy4uLy4uLy4uLy4uL0dvb2dsZSBEcml2ZS9QYXBlcnMvMjAxMi9TL1NlbmF0b3JlMjAxMmFhLnBkZtIXCxgZV05TLmRhdGFPEQG4AAAAAAG4AAIAAAxNYWNpbnRvc2ggSEQAAAAAAAAAAAAAAAAAAADQZvGzSCsAAABHtkwSU2VuYXRvcmUyMDEyYWEucGRmAAAAAAAAAAAAAAAAAAAAAAAAAAAAAAAAAAAAAAAAAAAAAAAAAAAAAAAAAAAAAYeAKdHS46RQREYgAAAAAAAHAAUAAAkgAAAAAAAAAAAAAAAAAAAAAVMAABAACAAA0GZzIwAAABEACAAA0dJlFAAAAAEAGABHtkwAR7QBAEezvwBHszoAEOOeABDjhQACAE1NYWNpbnRvc2ggSEQ6VXNlcnM6AHdhbHRvbjoAR29vZ2xlIERyaXZlOgBQYXBlcnM6ADIwMTI6AFM6AFNlbmF0b3JlMjAxMmFhLnBkZgAADgAmABIAUwBlAG4AYQB0AG8AcgBlADIAMAAxADIAYQBhAC4AcABkAGYADwAaAAwATQBhAGMAaQBuAHQAbwBzAGgAIABIAEQAEgA6VXNlcnMvd2FsdG9uL0dvb2dsZSBEcml2ZS9QYXBlcnMvMjAxMi9TL1NlbmF0b3JlMjAxMmFhLnBkZgATAAEvAAAVAAIADf//AACABtIbHB0eWiRjbGFzc25hbWVYJGNsYXNzZXNdTlNNdXRhYmxlRGF0YaMdHyBWTlNEYXRhWE5TT2JqZWN00hscIiNcTlNEaWN0aW9uYXJ5oiIgXxAPTlNLZXllZEFyY2hpdmVy0SYnVHJvb3SAAQAIABEAGgAjAC0AMgA3AEAARgBNAFUAYABnAGoAbABuAHEAcwB1AHcAhACOANMA2ADgApwCngKjAq4CtwLFAskC0ALZAt4C6wLuAwADAwMIAAAAAAAAAgEAAAAAAAAAKAAAAAAAAAAAAAAAAAAAAwo=},
  bdsk-url-1 = {http://dx.doi.org/10.1002/wmts.41},
}


@article{Young:2010jq,
  affiliation = {Institute for Adaptive and Neural Computation, University of Edinburgh, Edinburgh, UK. joyoung21@gmail.com},
  author = {Young, J M and Armstrong, J D},
  date-added = {2015-07-18 12:19:25 +0000},
  date-modified = {2015-07-18 12:19:25 +0000},
  doi = {10.1002/cne.22284},
  file = {{Young2010jq.pdf:/Users/walton/Google Drive/Papers/2010/Y/Young2010jq.pdf:application/pdf}},
  journal = {J Comp Neurol},
  keywords = {fly, behavior},
  language = {English},
  month = {may},
  number = {9},
  pages = {1500--1524},
  pmid = {20187142},
  rating = {0},
  title = {{Structure of the adult central complex in Drosophila: organization of distinct neuronal subsets.}},
  volume = {518},
  year = {2010},
  abstract = {The central complex (CX) is a defined set of neuropils located on the midline of the protocerebrum in several arthropods and has been implicated in a number of behaviors. To investigate the function of the CX further it is imperative to know the neuroarchitecture of this structure and to ensure all known neuron types conform to a common nomenclature system. Several types of CX neuron have been identified but it is not known if these exist singly or as components of isomorphic sets. We used an enhancer trap approach to study the adult structure, connectivity, and polarity of CX neurons in Drosophila. We observed several isomorphic sets of small-field neurons including pontine and fb-eb neurons, and also isomorphic sets of large-field neurons including R neurons and F neurons. We found that several types of large-field F neurons existed in isomorphic sets of approximately eight (four per hemisphere) and found evidence for small-field neuron types existing as isomorphic sets of 16. Small-field neurons were observed in clearly organized layers. This study provides a novel insight into CX structure and connectivity and provides a set of characterized enhancer trap lines that will be valuable for future study.},
  bdsk-file-1 = {YnBsaXN0MDDUAQIDBAUGJCVYJHZlcnNpb25YJG9iamVjdHNZJGFyY2hpdmVyVCR0b3ASAAGGoKgHCBMUFRYaIVUkbnVsbNMJCgsMDxJXTlMua2V5c1pOUy5vYmplY3RzViRjbGFzc6INDoACgAOiEBGABIAFgAdccmVsYXRpdmVQYXRoWWFsaWFzRGF0YV8QPy4uLy4uLy4uLy4uLy4uLy4uLy4uL0dvb2dsZSBEcml2ZS9QYXBlcnMvMjAxMC9ZL1lvdW5nMjAxMGpxLnBkZtIXCxgZV05TLmRhdGFPEQGsAAAAAAGsAAIAAAxNYWNpbnRvc2ggSEQAAAAAAAAAAAAAAAAAAADQZvGzSCsAAABHtQkPWW91bmcyMDEwanEucGRmAAAAAAAAAAAAAAAAAAAAAAAAAAAAAAAAAAAAAAAAAAAAAAAAAAAAAAAAAAAAAAAAAEfNLMofnIsAAAAAAAAAAAAHAAUAAAkgAAAAAAAAAAAAAAAAAAAAAVkAABAACAAA0GZzIwAAABEACAAAyh8d+wAAAAEAGABHtQkAR7PdAEezvwBHszoAEOOeABDjhQACAEpNYWNpbnRvc2ggSEQ6VXNlcnM6AHdhbHRvbjoAR29vZ2xlIERyaXZlOgBQYXBlcnM6ADIwMTA6AFk6AFlvdW5nMjAxMGpxLnBkZgAOACAADwBZAG8AdQBuAGcAMgAwADEAMABqAHEALgBwAGQAZgAPABoADABNAGEAYwBpAG4AdABvAHMAaAAgAEgARAASADdVc2Vycy93YWx0b24vR29vZ2xlIERyaXZlL1BhcGVycy8yMDEwL1kvWW91bmcyMDEwanEucGRmAAATAAEvAAAVAAIADf//AACABtIbHB0eWiRjbGFzc25hbWVYJGNsYXNzZXNdTlNNdXRhYmxlRGF0YaMdHyBWTlNEYXRhWE5TT2JqZWN00hscIiNcTlNEaWN0aW9uYXJ5oiIgXxAPTlNLZXllZEFyY2hpdmVy0SYnVHJvb3SAAQAIABEAGgAjAC0AMgA3AEAARgBNAFUAYABnAGoAbABuAHEAcwB1AHcAhACOANAA1QDdAo0CjwKUAp8CqAK2AroCwQLKAs8C3ALfAvEC9AL5AAAAAAAAAgEAAAAAAAAAKAAAAAAAAAAAAAAAAAAAAvs=},
  bdsk-url-1 = {http://eutils.ncbi.nlm.nih.gov/entrez/eutils/elink.fcgi?dbfrom=pubmed&id=20187142&retmode=ref&cmd=prlinks},
  bdsk-url-2 = {http://dx.doi.org/10.1002/cne.22284},
}


@article{Kitamoto:2001ue,
  affiliation = {Division of Neurosciences, Beckman Research Institute of the City of Hope, 1450 East Duarte Road, Duarte, California 91010, USA. tkitamot@coh.org},
  author = {Kitamoto, T},
  date-added = {2015-07-18 12:17:04 +0000},
  date-modified = {2015-07-18 12:17:21 +0000},
  doi = {10.1002/neu.1018},
  file = {{Kitamoto2001ue.pdf:/Users/walton/Google Drive/Papers/2001/K/Kitamoto2001ue.pdf:application/pdf}},
  journal = {J Neurobiol},
  language = {eng},
  month = {may},
  number = {2},
  pages = {81--92},
  pmid = {11291099},
  rating = {0},
  title = {{Conditional modification of behavior in Drosophila by targeted expression of a temperature-sensitive shibire allele in defined neurons}},
  volume = {47},
  year = {2001},
  abstract = {Behavior is a manifestation of temporally and spatially defined neuronal activities. To understand how behavior is controlled by the nervous system, it is important to identify the neuronal substrates responsible for these activities, and to elucidate how they are integrated into a functional circuit. I introduce a novel and general method to conditionally perturb anatomically defined neurons in intact Drosophila. In this method, a temperature-sensitive allele of shibire (shi(ts1)) is overexpressed in neuronal subsets using the GAL4/UAS system. Because the shi gene product is essential for synaptic vesicle recycling, and shi(ts1) is semidominant, a simple temperature shift should lead to fast and reversible effects on synaptic transmission of shi(ts1) expressing neurons. When shi(ts1) expression was directed to cholinergic neurons, adult flies showed a dramatic response to the restrictive temperature, becoming motionless within 2 min at 30 degrees C. This temperature-induced paralysis was reversible. After being shifted back to the permissive temperature, they readily regained their activity and started to walk in 1 min. When shi(ts1) was expressed in photoreceptor cells, adults and larvae exhibited temperature-dependent blindness. These observations show that the GAL4/UAS system can be used to express shi(ts1) in a specific subset of neurons to cause temperature-dependent changes in behavior. Because this method allows perturbation of the neuronal activities rapidly and reversibly in a spatially and temporally restricted manner, it will be useful to study the functional significance of particular neuronal subsets in the behavior of intact animals.},
  annote = {Temperature-sensitive shibire},
  bdsk-file-1 = {YnBsaXN0MDDUAQIDBAUGJCVYJHZlcnNpb25YJG9iamVjdHNZJGFyY2hpdmVyVCR0b3ASAAGGoKgHCBMUFRYaIVUkbnVsbNMJCgsMDxJXTlMua2V5c1pOUy5vYmplY3RzViRjbGFzc6INDoACgAOiEBGABIAFgAdccmVsYXRpdmVQYXRoWWFsaWFzRGF0YV8QQi4uLy4uLy4uLy4uLy4uLy4uLy4uL0dvb2dsZSBEcml2ZS9QYXBlcnMvMjAwMS9LL0tpdGFtb3RvMjAwMXVlLnBkZtIXCxgZV05TLmRhdGFPEQG4AAAAAAG4AAIAAAxNYWNpbnRvc2ggSEQAAAAAAAAAAAAAAAAAAADQZvGzSCsAAABHtIUSS2l0YW1vdG8yMDAxdWUucGRmAAAAAAAAAAAAAAAAAAAAAAAAAAAAAAAAAAAAAAAAAAAAAAAAAAAAAAAAAAAAAEfuMcXAawUAAAAAAAAAAAAHAAUAAAkgAAAAAAAAAAAAAAAAAAAAAUsAABAACAAA0GZzIwAAABEACAAAxb/sdQAAAAEAGABHtIUAR7PGAEezvwBHszoAEOOeABDjhQACAE1NYWNpbnRvc2ggSEQ6VXNlcnM6AHdhbHRvbjoAR29vZ2xlIERyaXZlOgBQYXBlcnM6ADIwMDE6AEs6AEtpdGFtb3RvMjAwMXVlLnBkZgAADgAmABIASwBpAHQAYQBtAG8AdABvADIAMAAwADEAdQBlAC4AcABkAGYADwAaAAwATQBhAGMAaQBuAHQAbwBzAGgAIABIAEQAEgA6VXNlcnMvd2FsdG9uL0dvb2dsZSBEcml2ZS9QYXBlcnMvMjAwMS9LL0tpdGFtb3RvMjAwMXVlLnBkZgATAAEvAAAVAAIADf//AACABtIbHB0eWiRjbGFzc25hbWVYJGNsYXNzZXNdTlNNdXRhYmxlRGF0YaMdHyBWTlNEYXRhWE5TT2JqZWN00hscIiNcTlNEaWN0aW9uYXJ5oiIgXxAPTlNLZXllZEFyY2hpdmVy0SYnVHJvb3SAAQAIABEAGgAjAC0AMgA3AEAARgBNAFUAYABnAGoAbABuAHEAcwB1AHcAhACOANMA2ADgApwCngKjAq4CtwLFAskC0ALZAt4C6wLuAwADAwMIAAAAAAAAAgEAAAAAAAAAKAAAAAAAAAAAAAAAAAAAAwo=},
  bdsk-url-1 = {http://www3.interscience.wiley.com/journal/78504228/abstract?CRETRY=1&SRETRY=0},
}


@article{Shaw:2000ui,
  affiliation = {The Neurosciences Institute, 10640 John Jay Hopkins Drive, San Diego, CA 92121, USA.},
  author = {Shaw, P J and Cirelli, C and Greenspan, Ralph J and Tononi, G},
  date-added = {2015-07-18 12:16:05 +0000},
  date-modified = {2015-07-18 12:16:05 +0000},
  file = {{Shaw2000ui.pdf:/Users/walton/Google Drive/Papers/2000/S/Shaw2000ui.pdf:application/pdf}},
  journal = {Science},
  language = {eng},
  month = {mar},
  number = {5459},
  pages = {1834--1837},
  pmid = {10710313},
  rating = {0},
  title = {{Correlates of sleep and waking in Drosophila melanogaster}},
  volume = {287},
  year = {2000},
  abstract = {Drosophila exhibits a circadian rest-activity cycle, but it is not known whether fly rest constitutes sleep or is mere inactivity. It is shown here that, like mammalian sleep, rest in Drosophila is characterized by an increased arousal threshold and is homeostatically regulated independently of the circadian clock. As in mammals, rest is abundant in young flies, is reduced in older flies, and is modulated by stimulants and hypnotics. Several molecular markers modulated by sleep and waking in mammals are modulated by rest and activity in Drosophila, including cytochrome oxidase C, the endoplasmic reticulum chaperone protein BiP, and enzymes implicated in the catabolism of monoamines. Flies lacking one such enzyme, arylalkylamine N-acetyltransferase, show increased rest after rest deprivation. These results implicate the catabolism of monoamines in the regulation of sleep and waking in the fly and suggest that Drosophila may serve as a model system for the genetic dissection of sleep.},
  bdsk-file-1 = {YnBsaXN0MDDUAQIDBAUGJCVYJHZlcnNpb25YJG9iamVjdHNZJGFyY2hpdmVyVCR0b3ASAAGGoKgHCBMUFRYaIVUkbnVsbNMJCgsMDxJXTlMua2V5c1pOUy5vYmplY3RzViRjbGFzc6INDoACgAOiEBGABIAFgAdccmVsYXRpdmVQYXRoWWFsaWFzRGF0YV8QPi4uLy4uLy4uLy4uLy4uLy4uLy4uL0dvb2dsZSBEcml2ZS9QYXBlcnMvMjAwMC9TL1NoYXcyMDAwdWkucGRm0hcLGBlXTlMuZGF0YU8RAagAAAAAAagAAgAADE1hY2ludG9zaCBIRAAAAAAAAAAAAAAAAAAAANBm8bNIKwAAAEe0qA5TaGF3MjAwMHVpLnBkZgAAAAAAAAAAAAAAAAAAAAAAAAAAAAAAAAAAAAAAAAAAAAAAAAAAAAAAAAAAAAAAAAAAR8++yNySRwAAAAAAAAAAAAcABQAACSAAAAAAAAAAAAAAAAAAAAABUwAAEAAIAADQZnMjAAAAEQAIAADI3BO3AAAAAQAYAEe0qABHs/IAR7O/AEezOgAQ454AEOOFAAIASU1hY2ludG9zaCBIRDpVc2VyczoAd2FsdG9uOgBHb29nbGUgRHJpdmU6AFBhcGVyczoAMjAwMDoAUzoAU2hhdzIwMDB1aS5wZGYAAA4AHgAOAFMAaABhAHcAMgAwADAAMAB1AGkALgBwAGQAZgAPABoADABNAGEAYwBpAG4AdABvAHMAaAAgAEgARAASADZVc2Vycy93YWx0b24vR29vZ2xlIERyaXZlL1BhcGVycy8yMDAwL1MvU2hhdzIwMDB1aS5wZGYAEwABLwAAFQACAA3//wAAgAbSGxwdHlokY2xhc3NuYW1lWCRjbGFzc2VzXU5TTXV0YWJsZURhdGGjHR8gVk5TRGF0YVhOU09iamVjdNIbHCIjXE5TRGljdGlvbmFyeaIiIF8QD05TS2V5ZWRBcmNoaXZlctEmJ1Ryb290gAEACAARABoAIwAtADIANwBAAEYATQBVAGAAZwBqAGwAbgBxAHMAdQB3AIQAjgDPANQA3AKIAooCjwKaAqMCsQK1ArwCxQLKAtcC2gLsAu8C9AAAAAAAAAIBAAAAAAAAACgAAAAAAAAAAAAAAAAAAAL2},
  bdsk-url-1 = {http://www.sciencemag.org/cgi/content/full/287/5459/1834},
}


@article{Iniguez:2013ib,
  affiliation = {Department of Developmental and Cell Biology and Department of Anatomy and Neurobiology, University of California, Irvine, California.},
  author = {Iniguez, Jorge and Schutte, Soleil S and O'Dowd, Diane K},
  date-added = {2015-07-18 12:14:51 +0000},
  date-modified = {2015-07-18 12:14:51 +0000},
  doi = {10.1152/jn.00368.2013},
  file = {{Iniguez2013ib.pdf:/Users/walton/Google Drive/Papers/2013/I/Iniguez2013ib.pdf:application/pdf}},
  journal = {J Neurophysiol},
  language = {English},
  month = {oct},
  number = {7},
  pages = {1490--1496},
  pmid = {23864373},
  rating = {0},
  title = {{Cav3-type $\alpha$1T calcium channels mediate transient calcium currents that regulate repetitive firing in Drosophila antennal lobe PNs.}},
  volume = {110},
  year = {2013},
  abstract = {Projection neurons (PNs), located in the antennal lobe region of the insect brain, play a key role in processing olfactory information. To explore how activity is regulated at the level of single PNs within this central circuit we have recorded from these neurons in adult Drosophila melanogaster brains. Our previous study demonstrated that PNs express voltage-gated calcium currents with a transient and sustained component. We found that the sustained component is mediated by cac gene-encoded Cav2-type channels involved in regulating action potential-independent release of neurotransmitter at excitatory cholinergic synapses. The function of the transient calcium current and the gene encoding the underlying channels, however, were unknown. Here we report that the transient current blocked by prepulse inactivation is sensitive to amiloride, a vertebrate Cav3-type channel blocker. In addition PN-specific RNAi knockdown of $\alpha$1T, the Drosophila Cav3-type gene, caused a dramatic reduction in the transient current without altering the sustained component. These data demonstrate that the $\alpha$1T gene encodes voltage-gated calcium channels underlying the amiloride-sensitive transient current. Alterations in evoked firing and spontaneous burst firing in the $\alpha$1T knockdowns demonstrate that the Cav3-type calcium channels are important in regulating excitability in adult PNs.},
  bdsk-file-1 = {YnBsaXN0MDDUAQIDBAUGJCVYJHZlcnNpb25YJG9iamVjdHNZJGFyY2hpdmVyVCR0b3ASAAGGoKgHCBMUFRYaIVUkbnVsbNMJCgsMDxJXTlMua2V5c1pOUy5vYmplY3RzViRjbGFzc6INDoACgAOiEBGABIAFgAdccmVsYXRpdmVQYXRoWWFsaWFzRGF0YV8QQS4uLy4uLy4uLy4uLy4uLy4uLy4uL0dvb2dsZSBEcml2ZS9QYXBlcnMvMjAxMy9JL0luaWd1ZXoyMDEzaWIucGRm0hcLGBlXTlMuZGF0YU8RAbQAAAAAAbQAAgAADE1hY2ludG9zaCBIRAAAAAAAAAAAAAAAAAAAANBm8bNIKwAAAEe15RFJbmlndWV6MjAxM2liLnBkZgAAAAAAAAAAAAAAAAAAAAAAAAAAAAAAAAAAAAAAAAAAAAAAAAAAAAAAAAAAAAAAR84mz3LSDwAAAAAAAAAAAAcABQAACSAAAAAAAAAAAAAAAAAAAAABSQAAEAAIAADQZnMjAAAAEQAIAADPclN/AAAAAQAYAEe15QBHs/wAR7O/AEezOgAQ454AEOOFAAIATE1hY2ludG9zaCBIRDpVc2VyczoAd2FsdG9uOgBHb29nbGUgRHJpdmU6AFBhcGVyczoAMjAxMzoASToASW5pZ3VlejIwMTNpYi5wZGYADgAkABEASQBuAGkAZwB1AGUAegAyADAAMQAzAGkAYgAuAHAAZABmAA8AGgAMAE0AYQBjAGkAbgB0AG8AcwBoACAASABEABIAOVVzZXJzL3dhbHRvbi9Hb29nbGUgRHJpdmUvUGFwZXJzLzIwMTMvSS9JbmlndWV6MjAxM2liLnBkZgAAEwABLwAAFQACAA3//wAAgAbSGxwdHlokY2xhc3NuYW1lWCRjbGFzc2VzXU5TTXV0YWJsZURhdGGjHR8gVk5TRGF0YVhOU09iamVjdNIbHCIjXE5TRGljdGlvbmFyeaIiIF8QD05TS2V5ZWRBcmNoaXZlctEmJ1Ryb290gAEACAARABoAIwAtADIANwBAAEYATQBVAGAAZwBqAGwAbgBxAHMAdQB3AIQAjgDSANcA3wKXApkCngKpArICwALEAssC1ALZAuYC6QL7Av4DAwAAAAAAAAIBAAAAAAAAACgAAAAAAAAAAAAAAAAAAAMF},
  bdsk-url-1 = {http://eutils.ncbi.nlm.nih.gov/entrez/eutils/elink.fcgi?dbfrom=pubmed&id=23864373&retmode=ref&cmd=prlinks},
  bdsk-url-2 = {http://dx.doi.org/10.1152/jn.00368.2013},
}


@article{alphen:2013aa,
  author = {van Alphen, B. and Yap, M. H. W. and Kirszenblat, L. and Kottler, B. and van Swinderen, B.},
  date-added = {2015-07-17 22:46:47 +0000},
  date-modified = {2015-07-17 22:47:15 +0000},
  doi = {10.1523/jneurosci.0061-13.2013},
  journal = {Journal of Neuroscience},
  month = {apr},
  number = {16},
  pages = {6917--6927},
  publisher = {Society for Neuroscience},
  title = {{A Dynamic Deep Sleep Stage in Drosophila}},
  volume = {33},
  year = {2013},
  bdsk-file-1 = {YnBsaXN0MDDUAQIDBAUGJCVYJHZlcnNpb25YJG9iamVjdHNZJGFyY2hpdmVyVCR0b3ASAAGGoKgHCBMUFRYaIVUkbnVsbNMJCgsMDxJXTlMua2V5c1pOUy5vYmplY3RzViRjbGFzc6INDoACgAOiEBGABIAFgAdccmVsYXRpdmVQYXRoWWFsaWFzRGF0YV8QQC4uLy4uLy4uLy4uLy4uLy4uLy4uL0dvb2dsZSBEcml2ZS9QYXBlcnMvMjAxMy9BL0FscGhlbjIwMTNhYS5wZGbSFwsYGVdOUy5kYXRhTxEBsAAAAAABsAACAAAMTWFjaW50b3NoIEhEAAAAAAAAAAAAAAAAAAAA0Gbxs0grAAAAR7bdEEFscGhlbjIwMTNhYS5wZGYAAAAAAAAAAAAAAAAAAAAAAAAAAAAAAAAAAAAAAAAAAAAAAAAAAAAAAAAAAAAAAAGD1/TR0G9xAAAAAAAAAAAABwAFAAAJIAAAAAAAAAAAAAAAAAAAAAFBAAAQAAgAANBmcyMAAAARAAgAANHP8OEAAAABABgAR7bdAEez/ABHs78AR7M6ABDjngAQ44UAAgBLTWFjaW50b3NoIEhEOlVzZXJzOgB3YWx0b246AEdvb2dsZSBEcml2ZToAUGFwZXJzOgAyMDEzOgBBOgBBbHBoZW4yMDEzYWEucGRmAAAOACIAEABBAGwAcABoAGUAbgAyADAAMQAzAGEAYQAuAHAAZABmAA8AGgAMAE0AYQBjAGkAbgB0AG8AcwBoACAASABEABIAOFVzZXJzL3dhbHRvbi9Hb29nbGUgRHJpdmUvUGFwZXJzLzIwMTMvQS9BbHBoZW4yMDEzYWEucGRmABMAAS8AABUAAgAN//8AAIAG0hscHR5aJGNsYXNzbmFtZVgkY2xhc3Nlc11OU011dGFibGVEYXRhox0fIFZOU0RhdGFYTlNPYmplY3TSGxwiI1xOU0RpY3Rpb25hcnmiIiBfEA9OU0tleWVkQXJjaGl2ZXLRJidUcm9vdIABAAgAEQAaACMALQAyADcAQABGAE0AVQBgAGcAagBsAG4AcQBzAHUAdwCEAI4A0QDWAN4CkgKUApkCpAKtArsCvwLGAs8C1ALhAuQC9gL5Av4AAAAAAAACAQAAAAAAAAAoAAAAAAAAAAAAAAAAAAADAA==},
  bdsk-url-1 = {http://dx.doi.org/10.1523/jneurosci.0061-13.2013},
}


@article{nitz:2002aa,
  author = {Nitz, Douglas A and van Swinderen, Bruno and Tononi, Giulio and Greenspan, Ralph J},
  date-added = {2015-07-17 22:45:49 +0000},
  date-modified = {2015-07-17 22:46:47 +0000},
  doi = {10.1016/S0960-9822(02)01300-3},
  journal = {Current Biology},
  number = {22},
  pages = {1934--1940},
  publisher = {Elsevier},
  title = {{Electrophysiological correlates of rest and activity in Drosophila melanogaster}},
  volume = {12},
  year = {2002},
  bdsk-file-1 = {YnBsaXN0MDDUAQIDBAUGJCVYJHZlcnNpb25YJG9iamVjdHNZJGFyY2hpdmVyVCR0b3ASAAGGoKgHCBMUFRYaIVUkbnVsbNMJCgsMDxJXTlMua2V5c1pOUy5vYmplY3RzViRjbGFzc6INDoACgAOiEBGABIAFgAdccmVsYXRpdmVQYXRoWWFsaWFzRGF0YV8QPi4uLy4uLy4uLy4uLy4uLy4uLy4uL0dvb2dsZSBEcml2ZS9QYXBlcnMvMjAwMi9OL05pdHoyMDAyd3IucGRm0hcLGBlXTlMuZGF0YU8RAagAAAAAAagAAgAADE1hY2ludG9zaCBIRAAAAAAAAAAAAAAAAAAAANBm8bNIKwAAAEe3Mg5OaXR6MjAwMndyLnBkZgAAAAAAAAAAAAAAAAAAAAAAAAAAAAAAAAAAAAAAAAAAAAAAAAAAAAAAAAAAAAAAAAABguPb0c+6qwAAAAAAAAAAAAcABQAACSAAAAAAAAAAAAAAAAAAAAABTgAAEAAIAADQZnMjAAAAEQAIAADRzzwbAAAAAQAYAEe3MgBHs84AR7O/AEezOgAQ454AEOOFAAIASU1hY2ludG9zaCBIRDpVc2VyczoAd2FsdG9uOgBHb29nbGUgRHJpdmU6AFBhcGVyczoAMjAwMjoATjoATml0ejIwMDJ3ci5wZGYAAA4AHgAOAE4AaQB0AHoAMgAwADAAMgB3AHIALgBwAGQAZgAPABoADABNAGEAYwBpAG4AdABvAHMAaAAgAEgARAASADZVc2Vycy93YWx0b24vR29vZ2xlIERyaXZlL1BhcGVycy8yMDAyL04vTml0ejIwMDJ3ci5wZGYAEwABLwAAFQACAA3//wAAgAbSGxwdHlokY2xhc3NuYW1lWCRjbGFzc2VzXU5TTXV0YWJsZURhdGGjHR8gVk5TRGF0YVhOU09iamVjdNIbHCIjXE5TRGljdGlvbmFyeaIiIF8QD05TS2V5ZWRBcmNoaXZlctEmJ1Ryb290gAEACAARABoAIwAtADIANwBAAEYATQBVAGAAZwBqAGwAbgBxAHMAdQB3AIQAjgDPANQA3AKIAooCjwKaAqMCsQK1ArwCxQLKAtcC2gLsAu8C9AAAAAAAAAIBAAAAAAAAACgAAAAAAAAAAAAAAAAAAAL2},
}


@manual{R,
  address = {Vienna, Austria},
  author = {{R Core Team}},
  date-modified = {2015-07-16 07:13:43 +0000},
  organization = {R Foundation for Statistical Computing},
  title = {{R: A Language and Environment for Statistical Computing}},
  year = {2015},
  bdsk-url-1 = {http://www.r-project.org/},
}


@manual{user,
  author = {Peters, Gjalt-JOrn},
  date-modified = {2015-07-16 07:13:43 +0000},
  note = {R package version 0.3-0},
  title = {{{userfriendlyscience}: Quantitative analysis made accessible}},
  year = {2015},
  bdsk-url-1 = {http://CRAN.R-project.org/package=userfriendlyscience},
}


@book{car,
  address = {Thousand Oaks {CA}},
  author = {Fox, John and Weisberg, Sanford},
  date-modified = {2015-07-16 07:13:43 +0000},
  edition = {Second},
  publisher = {Sage},
  title = {{An {R} Companion to Applied Regression}},
  year = {2011},
  bdsk-url-1 = {http://socserv.socsci.mcmaster.ca/jfox/Books/Companion},
}


@article{Huang:2009ei,
  affiliation = {Department of Cell Biology and Physiology, University of Pittsburgh School of Medicine, Pittsburgh, PA 15261, USA.},
  author = {Huang, Juan and Zhou, Wenke and Dong, Wei and Watson, Annie M and Hong, Yang},
  date-added = {2015-06-20 11:36:49 +0000},
  date-modified = {2015-06-20 11:36:49 +0000},
  doi = {10.1073/pnas.0900641106},
  file = {{Huang2009ei.pdf:/Users/walton/Google Drive/Papers/2009/H/Huang2009ei.pdf:application/pdf;Huang2009ei.pdf:/Users/walton/Google Drive/Papers/2009/H/Huang2009ei.pdf:application/pdf}},
  journal = {PNAS},
  language = {English},
  month = {may},
  number = {20},
  pages = {8284--8289},
  pmid = {19429710},
  rating = {0},
  title = {{Directed, efficient, and versatile modifications of the Drosophila genome by genomic engineering.}},
  volume = {106},
  year = {2009},
  abstract = {With the completion of genome sequences of major model organisms, increasingly sophisticated genetic tools are necessary for investigating the complex and coordinated functions of genes. Here we describe a genetic manipulation system termed {genomic engineering} in Drosophila. Genomic engineering is a 2-step process that combines the ends-out (replacement) gene targeting with phage integrase phiC31-mediated DNA integration. First, through an improved and modified gene targeting method, a founder knock-out line is generated by deleting the target gene and replacing it with an integration site of phiC31. Second, DNA integration by phiC31 is used to reintroduce modified target-gene DNA into the native locus in the founder knock-out line. Genomic engineering permits directed and highly efficient modifications of a chosen genomic locus into virtually any desired mutant allele. We have successfully applied the genomic engineering scheme on 6 different genes and have generated at their loci more than 70 unique alleles.},
  annote = {2012-07-18},
  bdsk-file-1 = {YnBsaXN0MDDUAQIDBAUGJCVYJHZlcnNpb25YJG9iamVjdHNZJGFyY2hpdmVyVCR0b3ASAAGGoKgHCBMUFRYaIVUkbnVsbNMJCgsMDxJXTlMua2V5c1pOUy5vYmplY3RzViRjbGFzc6INDoACgAOiEBGABIAFgAdccmVsYXRpdmVQYXRoWWFsaWFzRGF0YV8QPy4uLy4uLy4uLy4uLy4uLy4uLy4uL0dvb2dsZSBEcml2ZS9QYXBlcnMvMjAwOS9IL0h1YW5nMjAwOWVpLnBkZtIXCxgZV05TLmRhdGFPEQGsAAAAAAGsAAIAAAxNYWNpbnRvc2ggSEQAAAAAAAAAAAAAAAAAAADQZvGzSCsAAABHtwsPSHVhbmcyMDA5ZWkucGRmAAAAAAAAAAAAAAAAAAAAAAAAAAAAAAAAAAAAAAAAAAAAAAAAAAAAAAAAAAAAAAAAAEfYkMZp0WAAAAAAAAAAAAAHAAUAAAkgAAAAAAAAAAAAAAAAAAAAAUgAABAACAAA0GZzIwAAABEACAAAxmlS0AAAAAEAGABHtwsAR7PKAEezvwBHszoAEOOeABDjhQACAEpNYWNpbnRvc2ggSEQ6VXNlcnM6AHdhbHRvbjoAR29vZ2xlIERyaXZlOgBQYXBlcnM6ADIwMDk6AEg6AEh1YW5nMjAwOWVpLnBkZgAOACAADwBIAHUAYQBuAGcAMgAwADAAOQBlAGkALgBwAGQAZgAPABoADABNAGEAYwBpAG4AdABvAHMAaAAgAEgARAASADdVc2Vycy93YWx0b24vR29vZ2xlIERyaXZlL1BhcGVycy8yMDA5L0gvSHVhbmcyMDA5ZWkucGRmAAATAAEvAAAVAAIADf//AACABtIbHB0eWiRjbGFzc25hbWVYJGNsYXNzZXNdTlNNdXRhYmxlRGF0YaMdHyBWTlNEYXRhWE5TT2JqZWN00hscIiNcTlNEaWN0aW9uYXJ5oiIgXxAPTlNLZXllZEFyY2hpdmVy0SYnVHJvb3SAAQAIABEAGgAjAC0AMgA3AEAARgBNAFUAYABnAGoAbABuAHEAcwB1AHcAhACOANAA1QDdAo0CjwKUAp8CqAK2AroCwQLKAs8C3ALfAvEC9AL5AAAAAAAAAgEAAAAAAAAAKAAAAAAAAAAAAAAAAAAAAvs=},
  bdsk-url-1 = {http://eutils.ncbi.nlm.nih.gov/entrez/eutils/elink.fcgi?dbfrom=pubmed&id=19429710&retmode=ref&cmd=prlinks},
  bdsk-url-2 = {http://dx.doi.org/10.1073/pnas.0900641106},
}


@article{park:2006aa,
  author = {Park, Jin-Yong and Kang, Ho-Won and Moon, Hyung-Jo and Huh, Sung-Un and Jeong, Seong-Woo and Soldatov, Nikolai M. and Lee, Jung-Ha},
  date-added = {2015-06-12 09:32:22 +0000},
  date-modified = {2015-06-12 09:33:38 +0000},
  doi = {10.1113/jphysiol.2006.117440},
  journal = {J Physiol},
  month = {nov},
  number = {2},
  pages = {513--523},
  publisher = {Wiley-Blackwell},
  title = {{Activation of protein kinase {{C}} augments {{T-type}} {{Ca2+}} channel activity without changing channel surface density}},
  volume = {577},
  year = {2006},
  bdsk-file-1 = {YnBsaXN0MDDUAQIDBAUGJCVYJHZlcnNpb25YJG9iamVjdHNZJGFyY2hpdmVyVCR0b3ASAAGGoKgHCBMUFRYaIVUkbnVsbNMJCgsMDxJXTlMua2V5c1pOUy5vYmplY3RzViRjbGFzc6INDoACgAOiEBGABIAFgAdccmVsYXRpdmVQYXRoWWFsaWFzRGF0YV8QPi4uLy4uLy4uLy4uLy4uLy4uLy4uL0dvb2dsZSBEcml2ZS9QYXBlcnMvMjAwNi9QL1BhcmsyMDA2YWEucGRm0hcLGBlXTlMuZGF0YU8RAagAAAAAAagAAgAADE1hY2ludG9zaCBIRAAAAAAAAAAAAAAAAAAAANBm8bNIKwAAAEe1Gg5QYXJrMjAwNmFhLnBkZgAAAAAAAAAAAAAAAAAAAAAAAAAAAAAAAAAAAAAAAAAAAAAAAAAAAAAAAAAAAAAAAAABawAHyGuMyQAAAAAAAAAAAAcABQAACSAAAAAAAAAAAAAAAAAAAAABUAAAEAAIAADQZnMjAAAAEQAIAADIaw45AAAAAQAYAEe1GgBHs+IAR7O/AEezOgAQ454AEOOFAAIASU1hY2ludG9zaCBIRDpVc2VyczoAd2FsdG9uOgBHb29nbGUgRHJpdmU6AFBhcGVyczoAMjAwNjoAUDoAUGFyazIwMDZhYS5wZGYAAA4AHgAOAFAAYQByAGsAMgAwADAANgBhAGEALgBwAGQAZgAPABoADABNAGEAYwBpAG4AdABvAHMAaAAgAEgARAASADZVc2Vycy93YWx0b24vR29vZ2xlIERyaXZlL1BhcGVycy8yMDA2L1AvUGFyazIwMDZhYS5wZGYAEwABLwAAFQACAA3//wAAgAbSGxwdHlokY2xhc3NuYW1lWCRjbGFzc2VzXU5TTXV0YWJsZURhdGGjHR8gVk5TRGF0YVhOU09iamVjdNIbHCIjXE5TRGljdGlvbmFyeaIiIF8QD05TS2V5ZWRBcmNoaXZlctEmJ1Ryb290gAEACAARABoAIwAtADIANwBAAEYATQBVAGAAZwBqAGwAbgBxAHMAdQB3AIQAjgDPANQA3AKIAooCjwKaAqMCsQK1ArwCxQLKAtcC2gLsAu8C9AAAAAAAAAIBAAAAAAAAACgAAAAAAAAAAAAAAAAAAAL2},
  bdsk-url-1 = {http://dx.doi.org/10.1113/jphysiol.2006.117440},
}


@article{zars:2000aa,
  author = {Zars, T and Fischer, M and Schulz, R and Heisenberg, M},
  date-added = {2015-06-11 14:36:47 +0000},
  date-modified = {2015-06-11 14:37:34 +0000},
  doi = {10.1126/science.288.5466.672},
  journal = {Science},
  month = {Apr},
  number = {5466},
  pages = {672--675},
  publisher = {American Association for the Advancement of Science ({AAAS})},
  title = {{Localization of a Short-Term Memory in \emph{Drosophila}}},
  volume = {288},
  year = {2000},
  bdsk-file-1 = {YnBsaXN0MDDUAQIDBAUGJCVYJHZlcnNpb25YJG9iamVjdHNZJGFyY2hpdmVyVCR0b3ASAAGGoKgHCBMUFRYaIVUkbnVsbNMJCgsMDxJXTlMua2V5c1pOUy5vYmplY3RzViRjbGFzc6INDoACgAOiEBGABIAFgAdccmVsYXRpdmVQYXRoWWFsaWFzRGF0YV8QPi4uLy4uLy4uLy4uLy4uLy4uLy4uL0dvb2dsZSBEcml2ZS9QYXBlcnMvMjAwMC9aL1phcnMyMDAwYWEucGRm0hcLGBlXTlMuZGF0YU8RAagAAAAAAagAAgAADE1hY2ludG9zaCBIRAAAAAAAAAAAAAAAAAAAANBm8bNIKwAAAWo/2A5aYXJzMjAwMGFhLnBkZgAAAAAAAAAAAAAAAAAAAAAAAAAAAAAAAAAAAAAAAAAAAAAAAAAAAAAAAAAAAAAAAAABaj930Z/L8wAAAAAAAAAAAAcABQAACSAAAAAAAAAAAAAAAAAAAAABWgAAEAAIAADQZnMjAAAAEQAIAADRn01jAAAAAQAYAWo/2ABHs/IAR7O/AEezOgAQ454AEOOFAAIASU1hY2ludG9zaCBIRDpVc2VyczoAd2FsdG9uOgBHb29nbGUgRHJpdmU6AFBhcGVyczoAMjAwMDoAWjoAWmFyczIwMDBhYS5wZGYAAA4AHgAOAFoAYQByAHMAMgAwADAAMABhAGEALgBwAGQAZgAPABoADABNAGEAYwBpAG4AdABvAHMAaAAgAEgARAASADZVc2Vycy93YWx0b24vR29vZ2xlIERyaXZlL1BhcGVycy8yMDAwL1ovWmFyczIwMDBhYS5wZGYAEwABLwAAFQACAA3//wAAgAbSGxwdHlokY2xhc3NuYW1lWCRjbGFzc2VzXU5TTXV0YWJsZURhdGGjHR8gVk5TRGF0YVhOU09iamVjdNIbHCIjXE5TRGljdGlvbmFyeaIiIF8QD05TS2V5ZWRBcmNoaXZlctEmJ1Ryb290gAEACAARABoAIwAtADIANwBAAEYATQBVAGAAZwBqAGwAbgBxAHMAdQB3AIQAjgDPANQA3AKIAooCjwKaAqMCsQK1ArwCxQLKAtcC2gLsAu8C9AAAAAAAAAIBAAAAAAAAACgAAAAAAAAAAAAAAAAAAAL2},
  bdsk-url-1 = {http://dx.doi.org/10.1126/science.288.5466.672},
}


@article{swadlow:2001aa,
  author = {Swadlow, Harvey A. and Gusev, Alexander G.},
  date-added = {2015-06-11 14:36:11 +0000},
  date-modified = {2015-06-11 14:40:56 +0000},
  doi = {10.1038/86054},
  journal = {Nat Neurosci},
  month = {Apr},
  number = {4},
  pages = {402--408},
  publisher = {Nature Publishing Group},
  title = {{The impact of 'bursting' thalamic impulses at a neocortical synapse}},
  volume = {4},
  year = {2001},
  bdsk-file-1 = {YnBsaXN0MDDUAQIDBAUGJCVYJHZlcnNpb25YJG9iamVjdHNZJGFyY2hpdmVyVCR0b3ASAAGGoKgHCBMUFRYaIVUkbnVsbNMJCgsMDxJXTlMua2V5c1pOUy5vYmplY3RzViRjbGFzc6INDoACgAOiEBGABIAFgAdccmVsYXRpdmVQYXRoWWFsaWFzRGF0YV8QQS4uLy4uLy4uLy4uLy4uLy4uLy4uL0dvb2dsZSBEcml2ZS9QYXBlcnMvMjAwMS9TL1N3YWRsb3cyMDAxYWEucGRm0hcLGBlXTlMuZGF0YU8RAbQAAAAAAbQAAgAADE1hY2ludG9zaCBIRAAAAAAAAAAAAAAAAAAAANBm8bNIKwAAAEe1KBFTd2FkbG93MjAwMWFhLnBkZgAAAAAAAAAAAAAAAAAAAAAAAAAAAAAAAAAAAAAAAAAAAAAAAAAAAAAAAAAAAAABjAil0Z/K5lBERiAAAAAAAAcABQAACSAAAAAAAAAAAAAAAAAAAAABUwAAEAAIAADQZnMjAAAAEQAIAADRn0xWAAAAAQAYAEe1KABHs8YAR7O/AEezOgAQ454AEOOFAAIATE1hY2ludG9zaCBIRDpVc2VyczoAd2FsdG9uOgBHb29nbGUgRHJpdmU6AFBhcGVyczoAMjAwMToAUzoAU3dhZGxvdzIwMDFhYS5wZGYADgAkABEAUwB3AGEAZABsAG8AdwAyADAAMAAxAGEAYQAuAHAAZABmAA8AGgAMAE0AYQBjAGkAbgB0AG8AcwBoACAASABEABIAOVVzZXJzL3dhbHRvbi9Hb29nbGUgRHJpdmUvUGFwZXJzLzIwMDEvUy9Td2FkbG93MjAwMWFhLnBkZgAAEwABLwAAFQACAA3//wAAgAbSGxwdHlokY2xhc3NuYW1lWCRjbGFzc2VzXU5TTXV0YWJsZURhdGGjHR8gVk5TRGF0YVhOU09iamVjdNIbHCIjXE5TRGljdGlvbmFyeaIiIF8QD05TS2V5ZWRBcmNoaXZlctEmJ1Ryb290gAEACAARABoAIwAtADIANwBAAEYATQBVAGAAZwBqAGwAbgBxAHMAdQB3AIQAjgDSANcA3wKXApkCngKpArICwALEAssC1ALZAuYC6QL7Av4DAwAAAAAAAAIBAAAAAAAAACgAAAAAAAAAAAAAAAAAAAMF},
  bdsk-url-1 = {http://dx.doi.org/10.1038/86054},
}


@article{steriade:2001aa,
  author = {Steriade, Mircea},
  date-added = {2015-06-11 14:33:46 +0000},
  date-modified = {2015-06-11 14:40:51 +0000},
  doi = {10.1038/89434},
  journal = {Nat Neurosci},
  number = {7},
  pages = {671--671},
  publisher = {Nature Publishing Group},
  title = {{To burst, or rather, not to burst}},
  volume = {4},
  year = {2001},
  bdsk-file-1 = {YnBsaXN0MDDUAQIDBAUGJCVYJHZlcnNpb25YJG9iamVjdHNZJGFyY2hpdmVyVCR0b3ASAAGGoKgHCBMUFRYaIVUkbnVsbNMJCgsMDxJXTlMua2V5c1pOUy5vYmplY3RzViRjbGFzc6INDoACgAOiEBGABIAFgAdccmVsYXRpdmVQYXRoWWFsaWFzRGF0YV8QQi4uLy4uLy4uLy4uLy4uLy4uLy4uL0dvb2dsZSBEcml2ZS9QYXBlcnMvMjAwMS9TL1N0ZXJpYWRlMjAwMWFhLnBkZtIXCxgZV05TLmRhdGFPEQG4AAAAAAG4AAIAAAxNYWNpbnRvc2ggSEQAAAAAAAAAAAAAAAAAAADQZvGzSCsAAABHtSgSU3RlcmlhZGUyMDAxYWEucGRmAAAAAAAAAAAAAAAAAAAAAAAAAAAAAAAAAAAAAAAAAAAAAAAAAAAAAAAAAAAAAWo6VdGfyw8AAAAAAAAAAAAHAAUAAAkgAAAAAAAAAAAAAAAAAAAAAVMAABAACAAA0GZzIwAAABEACAAA0Z9MfwAAAAEAGABHtSgAR7PGAEezvwBHszoAEOOeABDjhQACAE1NYWNpbnRvc2ggSEQ6VXNlcnM6AHdhbHRvbjoAR29vZ2xlIERyaXZlOgBQYXBlcnM6ADIwMDE6AFM6AFN0ZXJpYWRlMjAwMWFhLnBkZgAADgAmABIAUwB0AGUAcgBpAGEAZABlADIAMAAwADEAYQBhAC4AcABkAGYADwAaAAwATQBhAGMAaQBuAHQAbwBzAGgAIABIAEQAEgA6VXNlcnMvd2FsdG9uL0dvb2dsZSBEcml2ZS9QYXBlcnMvMjAwMS9TL1N0ZXJpYWRlMjAwMWFhLnBkZgATAAEvAAAVAAIADf//AACABtIbHB0eWiRjbGFzc25hbWVYJGNsYXNzZXNdTlNNdXRhYmxlRGF0YaMdHyBWTlNEYXRhWE5TT2JqZWN00hscIiNcTlNEaWN0aW9uYXJ5oiIgXxAPTlNLZXllZEFyY2hpdmVy0SYnVHJvb3SAAQAIABEAGgAjAC0AMgA3AEAARgBNAFUAYABnAGoAbABuAHEAcwB1AHcAhACOANMA2ADgApwCngKjAq4CtwLFAskC0ALZAt4C6wLuAwADAwMIAAAAAAAAAgEAAAAAAAAAKAAAAAAAAAAAAAAAAAAAAwo=},
}


@article{Rulifson:2002cg,
  author = {Rulifson, Eric J and Kim, Seung K and Nusse, Roel},
  date-added = {2015-06-11 14:16:05 +0000},
  date-modified = {2015-06-11 14:16:05 +0000},
  doi = {10.1126/science.1070058},
  file = {{Rulifson2002cg.pdf:/Users/walton/Google Drive/Papers/2002/R/Rulifson2002cg.pdf:application/pdf}},
  journal = {Science},
  language = {English},
  month = {may},
  number = {5570},
  pages = {1118--1120},
  pmid = {12004130},
  rating = {0},
  title = {{Ablation of insulin-producing neurons in flies: growth and diabetic phenotypes.}},
  volume = {296},
  year = {2002},
  abstract = {In the fruit fly Drosophila, four insulin genes are coexpressed in small clusters of cells [insulin-producing cells (IPCs)] in the brain. Here, we show that ablation of these IPCs causes developmental delay, growth retardation, and elevated carbohydrate levels in larval hemolymph. All of the defects were reversed by ectopic expression of a Drosophila insulin transgene. On the basis of these functional data and the observation that IPCs release insulin into the circulatory system, we conclude that brain IPCs are the main systemic supply of insulin during larval growth. We propose that IPCs and pancreatic islet beta cells are functionally analogous and may have evolved from a common ancestral insulin-producing neuron. Interestingly, the phenotype of flies lacking IPCs includes certain features of diabetes mellitus.},
  bdsk-file-1 = {YnBsaXN0MDDUAQIDBAUGJCVYJHZlcnNpb25YJG9iamVjdHNZJGFyY2hpdmVyVCR0b3ASAAGGoKgHCBMUFRYaIVUkbnVsbNMJCgsMDxJXTlMua2V5c1pOUy5vYmplY3RzViRjbGFzc6INDoACgAOiEBGABIAFgAdccmVsYXRpdmVQYXRoWWFsaWFzRGF0YV8QQi4uLy4uLy4uLy4uLy4uLy4uLy4uL0dvb2dsZSBEcml2ZS9QYXBlcnMvMjAwMi9SL1J1bGlmc29uMjAwMmNnLnBkZtIXCxgZV05TLmRhdGFPEQG4AAAAAAG4AAIAAAxNYWNpbnRvc2ggSEQAAAAAAAAAAAAAAAAAAADQZvGzSCsAAABHtfMSUnVsaWZzb24yMDAyY2cucGRmAAAAAAAAAAAAAAAAAAAAAAAAAAAAAAAAAAAAAAAAAAAAAAAAAAAAAAAAAAAAAEe6tMUItsgAAAAAAAAAAAAHAAUAAAkgAAAAAAAAAAAAAAAAAAAAAVIAABAACAAA0GZzIwAAABEACAAAxQg4OAAAAAEAGABHtfMAR7POAEezvwBHszoAEOOeABDjhQACAE1NYWNpbnRvc2ggSEQ6VXNlcnM6AHdhbHRvbjoAR29vZ2xlIERyaXZlOgBQYXBlcnM6ADIwMDI6AFI6AFJ1bGlmc29uMjAwMmNnLnBkZgAADgAmABIAUgB1AGwAaQBmAHMAbwBuADIAMAAwADIAYwBnAC4AcABkAGYADwAaAAwATQBhAGMAaQBuAHQAbwBzAGgAIABIAEQAEgA6VXNlcnMvd2FsdG9uL0dvb2dsZSBEcml2ZS9QYXBlcnMvMjAwMi9SL1J1bGlmc29uMjAwMmNnLnBkZgATAAEvAAAVAAIADf//AACABtIbHB0eWiRjbGFzc25hbWVYJGNsYXNzZXNdTlNNdXRhYmxlRGF0YaMdHyBWTlNEYXRhWE5TT2JqZWN00hscIiNcTlNEaWN0aW9uYXJ5oiIgXxAPTlNLZXllZEFyY2hpdmVy0SYnVHJvb3SAAQAIABEAGgAjAC0AMgA3AEAARgBNAFUAYABnAGoAbABuAHEAcwB1AHcAhACOANMA2ADgApwCngKjAq4CtwLFAskC0ALZAt4C6wLuAwADAwMIAAAAAAAAAgEAAAAAAAAAKAAAAAAAAAAAAAAAAAAAAwo=},
  bdsk-url-1 = {http://www.sciencemag.org/content/296/5570/1118.short},
  bdsk-url-2 = {http://dx.doi.org/10.1126/science.1070058},
}


@article{glossop:2003aa,
  author = {Glossop, Nicholas RJ and Houl, Jerry H and Zheng, Hao and Ng, Fanny S and Dudek, Scott M and Hardin, Paul E},
  date-added = {2015-06-11 14:14:47 +0000},
  date-modified = {2015-06-11 14:15:28 +0000},
  doi = {10.1016/S0896-6273(03)00002-3},
  journal = {Neuron},
  number = {2},
  pages = {249--261},
  publisher = {Elsevier},
  title = {{{{VRILLE}} feeds back to control circadian transcription of Clock in the \emph{Drosophila} circadian oscillator}},
  volume = {37},
  year = {2003},
  bdsk-file-1 = {YnBsaXN0MDDUAQIDBAUGJCVYJHZlcnNpb25YJG9iamVjdHNZJGFyY2hpdmVyVCR0b3ASAAGGoKgHCBMUFRYaIVUkbnVsbNMJCgsMDxJXTlMua2V5c1pOUy5vYmplY3RzViRjbGFzc6INDoACgAOiEBGABIAFgAdccmVsYXRpdmVQYXRoWWFsaWFzRGF0YV8QQS4uLy4uLy4uLy4uLy4uLy4uLy4uL0dvb2dsZSBEcml2ZS9QYXBlcnMvMjAwMy9HL0dsb3Nzb3AyMDAzYWEucGRm0hcLGBlXTlMuZGF0YU8RAbQAAAAAAbQAAgAADE1hY2ludG9zaCBIRAAAAAAAAAAAAAAAAAAAANBm8bNIKwAAAEe1CxFHbG9zc29wMjAwM2FhLnBkZgAAAAAAAAAAAAAAAAAAAAAAAAAAAAAAAAAAAAAAAAAAAAAAAAAAAAAAAAAAAAABajKvyXJIswAAAAAAAAAAAAcABQAACSAAAAAAAAAAAAAAAAAAAAABRwAAEAAIAADQZnMjAAAAEQAIAADJccojAAAAAQAYAEe1CwBHs8gAR7O/AEezOgAQ454AEOOFAAIATE1hY2ludG9zaCBIRDpVc2VyczoAd2FsdG9uOgBHb29nbGUgRHJpdmU6AFBhcGVyczoAMjAwMzoARzoAR2xvc3NvcDIwMDNhYS5wZGYADgAkABEARwBsAG8AcwBzAG8AcAAyADAAMAAzAGEAYQAuAHAAZABmAA8AGgAMAE0AYQBjAGkAbgB0AG8AcwBoACAASABEABIAOVVzZXJzL3dhbHRvbi9Hb29nbGUgRHJpdmUvUGFwZXJzLzIwMDMvRy9HbG9zc29wMjAwM2FhLnBkZgAAEwABLwAAFQACAA3//wAAgAbSGxwdHlokY2xhc3NuYW1lWCRjbGFzc2VzXU5TTXV0YWJsZURhdGGjHR8gVk5TRGF0YVhOU09iamVjdNIbHCIjXE5TRGljdGlvbmFyeaIiIF8QD05TS2V5ZWRBcmNoaXZlctEmJ1Ryb290gAEACAARABoAIwAtADIANwBAAEYATQBVAGAAZwBqAGwAbgBxAHMAdQB3AIQAjgDSANcA3wKXApkCngKpArICwALEAssC1ALZAuYC6QL7Av4DAwAAAAAAAAIBAAAAAAAAACgAAAAAAAAAAAAAAAAAAAMF},
}


@article{taghert:2001aa,
  author = {Taghert, Paul H and Hewes, Randall S and Park, Jae H and O'Brien, Martha A and Han, Mei and Peck, Molly E},
  date-added = {2015-06-11 14:13:46 +0000},
  date-modified = {2015-06-11 14:13:46 +0000},
  journal = {J Neurosci},
  number = {17},
  pages = {6673--6686},
  publisher = {Soc Neuroscience},
  title = {{Multiple amidated neuropeptides are required for normal circadian locomotor rhythms in Drosophila}},
  volume = {21},
  year = {2001},
  bdsk-file-1 = {YnBsaXN0MDDUAQIDBAUGJCVYJHZlcnNpb25YJG9iamVjdHNZJGFyY2hpdmVyVCR0b3ASAAGGoKgHCBMUFRYaIVUkbnVsbNMJCgsMDxJXTlMua2V5c1pOUy5vYmplY3RzViRjbGFzc6INDoACgAOiEBGABIAFgAdccmVsYXRpdmVQYXRoWWFsaWFzRGF0YV8QQS4uLy4uLy4uLy4uLy4uLy4uLy4uL0dvb2dsZSBEcml2ZS9QYXBlcnMvMjAwMS9UL1RhZ2hlcnQyMDAxYWEucGRm0hcLGBlXTlMuZGF0YU8RAbQAAAAAAbQAAgAADE1hY2ludG9zaCBIRAAAAAAAAAAAAAAAAAAAANBm8bNIKwAAAEe2MRFUYWdoZXJ0MjAwMWFhLnBkZgAAAAAAAAAAAAAAAAAAAAAAAAAAAAAAAAAAAAAAAAAAAAAAAAAAAAAAAAAAAAABajHnt5Zx1AAAAAAAAAAAAAcABQAACSAAAAAAAAAAAAAAAAAAAAABVAAAEAAIAADQZnMjAAAAEQAIAAC3lfNEAAAAAQAYAEe2MQBHs8YAR7O/AEezOgAQ454AEOOFAAIATE1hY2ludG9zaCBIRDpVc2VyczoAd2FsdG9uOgBHb29nbGUgRHJpdmU6AFBhcGVyczoAMjAwMToAVDoAVGFnaGVydDIwMDFhYS5wZGYADgAkABEAVABhAGcAaABlAHIAdAAyADAAMAAxAGEAYQAuAHAAZABmAA8AGgAMAE0AYQBjAGkAbgB0AG8AcwBoACAASABEABIAOVVzZXJzL3dhbHRvbi9Hb29nbGUgRHJpdmUvUGFwZXJzLzIwMDEvVC9UYWdoZXJ0MjAwMWFhLnBkZgAAEwABLwAAFQACAA3//wAAgAbSGxwdHlokY2xhc3NuYW1lWCRjbGFzc2VzXU5TTXV0YWJsZURhdGGjHR8gVk5TRGF0YVhOU09iamVjdNIbHCIjXE5TRGljdGlvbmFyeaIiIF8QD05TS2V5ZWRBcmNoaXZlctEmJ1Ryb290gAEACAARABoAIwAtADIANwBAAEYATQBVAGAAZwBqAGwAbgBxAHMAdQB3AIQAjgDSANcA3wKXApkCngKpArICwALEAssC1ALZAuYC6QL7Av4DAwAAAAAAAAIBAAAAAAAAACgAAAAAAAAAAAAAAAAAAAMF},
}


@article{freeman:1996aa,
  author = {Freeman, Matthew},
  date-added = {2015-06-11 14:09:09 +0000},
  date-modified = {2015-06-11 14:09:44 +0000},
  doi = {10.1016/S0092-8674(00)81385-9},
  journal = {Cell},
  number = {4},
  pages = {651--660},
  publisher = {Elsevier},
  title = {{Reiterative use of the EGF receptor triggers differentiation of all cell types in the Drosophila eye}},
  volume = {87},
  year = {1996},
  bdsk-file-1 = {YnBsaXN0MDDUAQIDBAUGJCVYJHZlcnNpb25YJG9iamVjdHNZJGFyY2hpdmVyVCR0b3ASAAGGoKgHCBMUFRYaIVUkbnVsbNMJCgsMDxJXTlMua2V5c1pOUy5vYmplY3RzViRjbGFzc6INDoACgAOiEBGABIAFgAdccmVsYXRpdmVQYXRoWWFsaWFzRGF0YV8QQS4uLy4uLy4uLy4uLy4uLy4uLy4uL0dvb2dsZSBEcml2ZS9QYXBlcnMvMTk5Ni9GL0ZyZWVtYW4xOTk2YWEucGRm0hcLGBlXTlMuZGF0YU8RAbQAAAAAAbQAAgAADE1hY2ludG9zaCBIRAAAAAAAAAAAAAAAAAAAANBm8bNIKwAAAEe0yRFGcmVlbWFuMTk5NmFhLnBkZgAAAAAAAAAAAAAAAAAAAAAAAAAAAAAAAAAAAAAAAAAAAAAAAAAAAAAAAAAAAAABajFyyR+mtQAAAAAAAAAAAAcABQAACSAAAAAAAAAAAAAAAAAAAAABRgAAEAAIAADQZnMjAAAAEQAIAADJHyglAAAAAQAYAEe0yQBHs/AAR7O/AEezOgAQ454AEOOFAAIATE1hY2ludG9zaCBIRDpVc2VyczoAd2FsdG9uOgBHb29nbGUgRHJpdmU6AFBhcGVyczoAMTk5NjoARjoARnJlZW1hbjE5OTZhYS5wZGYADgAkABEARgByAGUAZQBtAGEAbgAxADkAOQA2AGEAYQAuAHAAZABmAA8AGgAMAE0AYQBjAGkAbgB0AG8AcwBoACAASABEABIAOVVzZXJzL3dhbHRvbi9Hb29nbGUgRHJpdmUvUGFwZXJzLzE5OTYvRi9GcmVlbWFuMTk5NmFhLnBkZgAAEwABLwAAFQACAA3//wAAgAbSGxwdHlokY2xhc3NuYW1lWCRjbGFzc2VzXU5TTXV0YWJsZURhdGGjHR8gVk5TRGF0YVhOU09iamVjdNIbHCIjXE5TRGljdGlvbmFyeaIiIF8QD05TS2V5ZWRBcmNoaXZlctEmJ1Ryb290gAEACAARABoAIwAtADIANwBAAEYATQBVAGAAZwBqAGwAbgBxAHMAdQB3AIQAjgDSANcA3wKXApkCngKpArICwALEAssC1ALZAuYC6QL7Av4DAwAAAAAAAAIBAAAAAAAAACgAAAAAAAAAAAAAAAAAAAMF},
}


@article{alekseyenko:2010aa,
  author = {Alekseyenko, Olga V. and Lee, Carol and Kravitz, Edward A.},
  date-added = {2015-06-11 14:08:05 +0000},
  date-modified = {2015-06-11 14:42:43 +0000},
  doi = {10.1371/journal.pone.0010806},
  editor = {McCabe, Brian D.},
  journal = {{{PLoS ONE}}},
  month = {may},
  number = {5},
  pages = {e10806},
  publisher = {Public Library of Science ({PLoS})},
  title = {{Targeted Manipulation of Serotonergic Neurotransmission Affects the Escalation of Aggression in Adult Male \emph{Drosophila melanogaster}}},
  volume = {5},
  year = {2010},
  bdsk-file-1 = {YnBsaXN0MDDUAQIDBAUGJCVYJHZlcnNpb25YJG9iamVjdHNZJGFyY2hpdmVyVCR0b3ASAAGGoKgHCBMUFRYaIVUkbnVsbNMJCgsMDxJXTlMua2V5c1pOUy5vYmplY3RzViRjbGFzc6INDoACgAOiEBGABIAFgAdccmVsYXRpdmVQYXRoWWFsaWFzRGF0YV8QRS4uLy4uLy4uLy4uLy4uLy4uLy4uL0dvb2dsZSBEcml2ZS9QYXBlcnMvMjAxMC9BL0FsZWtzZXllbmtvMjAxMGFhLnBkZtIXCxgZV05TLmRhdGFPEQHEAAAAAAHEAAIAAAxNYWNpbnRvc2ggSEQAAAAAAAAAAAAAAAAAAADQZvGzSCsAAABHttoVQWxla3NleWVua28yMDEwYWEucGRmAAAAAAAAAAAAAAAAAAAAAAAAAAAAAAAAAAAAAAAAAAAAAAAAAAAAAAAAAWowlM//vXoAAAAAAAAAAAAHAAUAAAkgAAAAAAAAAAAAAAAAAAAAAUEAABAACAAA0GZzIwAAABEACAAAz/8+6gAAAAEAGABHttoAR7PdAEezvwBHszoAEOOeABDjhQACAFBNYWNpbnRvc2ggSEQ6VXNlcnM6AHdhbHRvbjoAR29vZ2xlIERyaXZlOgBQYXBlcnM6ADIwMTA6AEE6AEFsZWtzZXllbmtvMjAxMGFhLnBkZgAOACwAFQBBAGwAZQBrAHMAZQB5AGUAbgBrAG8AMgAwADEAMABhAGEALgBwAGQAZgAPABoADABNAGEAYwBpAG4AdABvAHMAaAAgAEgARAASAD1Vc2Vycy93YWx0b24vR29vZ2xlIERyaXZlL1BhcGVycy8yMDEwL0EvQWxla3NleWVua28yMDEwYWEucGRmAAATAAEvAAAVAAIADf//AACABtIbHB0eWiRjbGFzc25hbWVYJGNsYXNzZXNdTlNNdXRhYmxlRGF0YaMdHyBWTlNEYXRhWE5TT2JqZWN00hscIiNcTlNEaWN0aW9uYXJ5oiIgXxAPTlNLZXllZEFyY2hpdmVy0SYnVHJvb3SAAQAIABEAGgAjAC0AMgA3AEAARgBNAFUAYABnAGoAbABuAHEAcwB1AHcAhACOANYA2wDjAqsCrQKyAr0CxgLUAtgC3wLoAu0C+gL9Aw8DEgMXAAAAAAAAAgEAAAAAAAAAKAAAAAAAAAAAAAAAAAAAAxk=},
  bdsk-url-1 = {http://dx.doi.org/10.1371/journal.pone.0010806},
}


@article{cole:2005aa,
  author = {Cole, S. H. and Carney, G. E. and McClung, C. A. and Willard, S. S. and Taylor, B. J. and Hirsh, J.},
  date-added = {2015-06-11 14:04:57 +0000},
  date-modified = {2015-06-11 14:40:40 +0000},
  doi = {10.1074/jbc.M414197200},
  journal = {J Biol Chem},
  month = {Feb},
  number = {15},
  pages = {14948--14955},
  publisher = {American Society for Biochemistry {\\&} Molecular Biology ({ASBMB})},
  title = {{Two Functional but Noncomplementing Drosophila Tyrosine Decarboxylase Genes: Distinct Roles For Neural Tyramine And Octopamine In Female Fertility}},
  volume = {280},
  year = {2005},
  bdsk-file-1 = {YnBsaXN0MDDUAQIDBAUGJCVYJHZlcnNpb25YJG9iamVjdHNZJGFyY2hpdmVyVCR0b3ASAAGGoKgHCBMUFRYaIVUkbnVsbNMJCgsMDxJXTlMua2V5c1pOUy5vYmplY3RzViRjbGFzc6INDoACgAOiEBGABIAFgAdccmVsYXRpdmVQYXRoWWFsaWFzRGF0YV8QPi4uLy4uLy4uLy4uLy4uLy4uLy4uL0dvb2dsZSBEcml2ZS9QYXBlcnMvMjAwNS9DL0NvbGUyMDA1YWEucGRm0hcLGBlXTlMuZGF0YU8RAagAAAAAAagAAgAADE1hY2ludG9zaCBIRAAAAAAAAAAAAAAAAAAAANBm8bNIKwAAAEe3DA5Db2xlMjAwNWFhLnBkZgAAAAAAAAAAAAAAAAAAAAAAAAAAAAAAAAAAAAAAAAAAAAAAAAAAAAAAAAAAAAAAAAABai+yzxyYWQAAAAAAAAAAAAcABQAACSAAAAAAAAAAAAAAAAAAAAABQwAAEAAIAADQZnMjAAAAEQAIAADPHBnJAAAAAQAYAEe3DABHs/sAR7O/AEezOgAQ454AEOOFAAIASU1hY2ludG9zaCBIRDpVc2VyczoAd2FsdG9uOgBHb29nbGUgRHJpdmU6AFBhcGVyczoAMjAwNToAQzoAQ29sZTIwMDVhYS5wZGYAAA4AHgAOAEMAbwBsAGUAMgAwADAANQBhAGEALgBwAGQAZgAPABoADABNAGEAYwBpAG4AdABvAHMAaAAgAEgARAASADZVc2Vycy93YWx0b24vR29vZ2xlIERyaXZlL1BhcGVycy8yMDA1L0MvQ29sZTIwMDVhYS5wZGYAEwABLwAAFQACAA3//wAAgAbSGxwdHlokY2xhc3NuYW1lWCRjbGFzc2VzXU5TTXV0YWJsZURhdGGjHR8gVk5TRGF0YVhOU09iamVjdNIbHCIjXE5TRGljdGlvbmFyeaIiIF8QD05TS2V5ZWRBcmNoaXZlctEmJ1Ryb290gAEACAARABoAIwAtADIANwBAAEYATQBVAGAAZwBqAGwAbgBxAHMAdQB3AIQAjgDPANQA3AKIAooCjwKaAqMCsQK1ArwCxQLKAtcC2gLsAu8C9AAAAAAAAAIBAAAAAAAAACgAAAAAAAAAAAAAAAAAAAL2},
  bdsk-url-1 = {http://dx.doi.org/10.1074/jbc.m414197200},
}


@article{friggi-grelin:2003aa,
  author = {Friggi-Grelin, Florence and Coulom, H{\'e}l{\`e}ne and Meller, Margaret and Gomez, Delphine and Hirsh, Jay and Birman, Serge},
  date-added = {2015-06-11 14:02:37 +0000},
  date-modified = {2015-06-11 14:40:17 +0000},
  doi = {10.1002/neu.10185},
  journal = {J Neurobiol},
  number = {4},
  pages = {618--627},
  publisher = {Wiley Online Library},
  title = {{Targeted gene expression in \emph{Drosophila} dopaminergic cells using regulatory sequences from tyrosine hydroxylase}},
  volume = {54},
  year = {2003},
  bdsk-file-1 = {YnBsaXN0MDDUAQIDBAUGJCVYJHZlcnNpb25YJG9iamVjdHNZJGFyY2hpdmVyVCR0b3ASAAGGoKgHCBMUFRYaIVUkbnVsbNMJCgsMDxJXTlMua2V5c1pOUy5vYmplY3RzViRjbGFzc6INDoACgAOiEBGABIAFgAdccmVsYXRpdmVQYXRoWWFsaWFzRGF0YV8QRy4uLy4uLy4uLy4uLy4uLy4uLy4uL0dvb2dsZSBEcml2ZS9QYXBlcnMvMjAwMy9GL0ZyaWdnaS1HcmVsaW4yMDAzYWEucGRm0hcLGBlXTlMuZGF0YU8RAcwAAAAAAcwAAgAADE1hY2ludG9zaCBIRAAAAAAAAAAAAAAAAAAAANBm8bNIKwAAAEe3HxdGcmlnZ2ktR3JlbGluMjAwM2FhLnBkZgAAAAAAAAAAAAAAAAAAAAAAAAAAAAAAAAAAAAAAAAAAAAAAAAAAAAABai4jzecvIwAAAAAAAAAAAAcABQAACSAAAAAAAAAAAAAAAAAAAAABRgAAEAAIAADQZnMjAAAAEQAIAADN5rCTAAAAAQAYAEe3HwBHs8gAR7O/AEezOgAQ454AEOOFAAIAUk1hY2ludG9zaCBIRDpVc2VyczoAd2FsdG9uOgBHb29nbGUgRHJpdmU6AFBhcGVyczoAMjAwMzoARjoARnJpZ2dpLUdyZWxpbjIwMDNhYS5wZGYADgAwABcARgByAGkAZwBnAGkALQBHAHIAZQBsAGkAbgAyADAAMAAzAGEAYQAuAHAAZABmAA8AGgAMAE0AYQBjAGkAbgB0AG8AcwBoACAASABEABIAP1VzZXJzL3dhbHRvbi9Hb29nbGUgRHJpdmUvUGFwZXJzLzIwMDMvRi9GcmlnZ2ktR3JlbGluMjAwM2FhLnBkZgAAEwABLwAAFQACAA3//wAAgAbSGxwdHlokY2xhc3NuYW1lWCRjbGFzc2VzXU5TTXV0YWJsZURhdGGjHR8gVk5TRGF0YVhOU09iamVjdNIbHCIjXE5TRGljdGlvbmFyeaIiIF8QD05TS2V5ZWRBcmNoaXZlctEmJ1Ryb290gAEACAARABoAIwAtADIANwBAAEYATQBVAGAAZwBqAGwAbgBxAHMAdQB3AIQAjgDYAN0A5QK1ArcCvALHAtAC3gLiAukC8gL3AwQDBwMZAxwDIQAAAAAAAAIBAAAAAAAAACgAAAAAAAAAAAAAAAAAAAMj},
}


@article{renn:1999ab,
  author = {Renn, Susan CP and Park, Jae H and Rosbash, Michael and Hall, Jeffrey C and Taghert, Paul H},
  date-added = {2015-06-11 13:58:40 +0000},
  date-modified = {2015-06-11 13:58:40 +0000},
  doi = {10.1016/S0092-8674(00)81676-1},
  journal = {Cell},
  number = {7},
  pages = {791--802},
  publisher = {Elsevier},
  title = {{A pdf neuropeptide gene mutation and ablation of PDF neurons each cause severe abnormalities of behavioral circadian rhythms in \emph{Drosophila}}},
  volume = {99},
  year = {1999},
  bdsk-file-1 = {YnBsaXN0MDDUAQIDBAUGJCVYJHZlcnNpb25YJG9iamVjdHNZJGFyY2hpdmVyVCR0b3ASAAGGoKgHCBMUFRYaIVUkbnVsbNMJCgsMDxJXTlMua2V5c1pOUy5vYmplY3RzViRjbGFzc6INDoACgAOiEBGABIAFgAdccmVsYXRpdmVQYXRoWWFsaWFzRGF0YV8QPi4uLy4uLy4uLy4uLy4uLy4uLy4uL0dvb2dsZSBEcml2ZS9QYXBlcnMvMTk5OS9SL1Jlbm4xOTk5YWIucGRm0hcLGBlXTlMuZGF0YU8RAagAAAAAAagAAgAADE1hY2ludG9zaCBIRAAAAAAAAAAAAAAAAAAAANBm8bNIKwAAAEe18A5SZW5uMTk5OWFiLnBkZgAAAAAAAAAAAAAAAAAAAAAAAAAAAAAAAAAAAAAAAAAAAAAAAAAAAAAAAAAAAAAAAAABaivFySENiAAAAAAAAAAAAAcABQAACSAAAAAAAAAAAAAAAAAAAAABUgAAEAAIAADQZnMjAAAAEQAIAADJII74AAAAAQAYAEe18ABHs/kAR7O/AEezOgAQ454AEOOFAAIASU1hY2ludG9zaCBIRDpVc2VyczoAd2FsdG9uOgBHb29nbGUgRHJpdmU6AFBhcGVyczoAMTk5OToAUjoAUmVubjE5OTlhYi5wZGYAAA4AHgAOAFIAZQBuAG4AMQA5ADkAOQBhAGIALgBwAGQAZgAPABoADABNAGEAYwBpAG4AdABvAHMAaAAgAEgARAASADZVc2Vycy93YWx0b24vR29vZ2xlIERyaXZlL1BhcGVycy8xOTk5L1IvUmVubjE5OTlhYi5wZGYAEwABLwAAFQACAA3//wAAgAbSGxwdHlokY2xhc3NuYW1lWCRjbGFzc2VzXU5TTXV0YWJsZURhdGGjHR8gVk5TRGF0YVhOU09iamVjdNIbHCIjXE5TRGljdGlvbmFyeaIiIF8QD05TS2V5ZWRBcmNoaXZlctEmJ1Ryb290gAEACAARABoAIwAtADIANwBAAEYATQBVAGAAZwBqAGwAbgBxAHMAdQB3AIQAjgDPANQA3AKIAooCjwKaAqMCsQK1ArwCxQLKAtcC2gLsAu8C9AAAAAAAAAIBAAAAAAAAACgAAAAAAAAAAAAAAAAAAAL2},
}


@article{connolly:1996aa,
  author = {Connolly, J. B. and Roberts, I. J. H. and Armstrong, J. D. and Kaiser, K. and Forte, M. and Tully, T. and O'Kane, C. J.},
  date-added = {2015-06-11 13:52:12 +0000},
  date-modified = {2015-06-11 13:53:27 +0000},
  doi = {10.1126/science.274.5295.2104},
  journal = {Science},
  month = {Dec},
  number = {5295},
  pages = {2104--2107},
  publisher = {American Association for the Advancement of Science ({AAAS})},
  title = {{Associative Learning Disrupted by Impaired Gs Signaling in \emph{Drosophila} Mushroom Bodies}},
  volume = {274},
  year = {1996},
  bdsk-file-1 = {YnBsaXN0MDDUAQIDBAUGJCVYJHZlcnNpb25YJG9iamVjdHNZJGFyY2hpdmVyVCR0b3ASAAGGoKgHCBMUFRYaIVUkbnVsbNMJCgsMDxJXTlMua2V5c1pOUy5vYmplY3RzViRjbGFzc6INDoACgAOiEBGABIAFgAdccmVsYXRpdmVQYXRoWWFsaWFzRGF0YV8QQi4uLy4uLy4uLy4uLy4uLy4uLy4uL0dvb2dsZSBEcml2ZS9QYXBlcnMvMTk5Ni9DL0Nvbm5vbGx5MTk5NmFhLnBkZtIXCxgZV05TLmRhdGFPEQG4AAAAAAG4AAIAAAxNYWNpbnRvc2ggSEQAAAAAAAAAAAAAAAAAAADQZvGzSCsAAABHtMoSQ29ubm9sbHkxOTk2YWEucGRmAAAAAAAAAAAAAAAAAAAAAAAAAAAAAAAAAAAAAAAAAAAAAAAAAAAAAAAAAAAAAWorrtGfwXIAAAAAAAAAAAAHAAUAAAkgAAAAAAAAAAAAAAAAAAAAAUMAABAACAAA0GZzIwAAABEACAAA0Z9C4gAAAAEAGABHtMoAR7PwAEezvwBHszoAEOOeABDjhQACAE1NYWNpbnRvc2ggSEQ6VXNlcnM6AHdhbHRvbjoAR29vZ2xlIERyaXZlOgBQYXBlcnM6ADE5OTY6AEM6AENvbm5vbGx5MTk5NmFhLnBkZgAADgAmABIAQwBvAG4AbgBvAGwAbAB5ADEAOQA5ADYAYQBhAC4AcABkAGYADwAaAAwATQBhAGMAaQBuAHQAbwBzAGgAIABIAEQAEgA6VXNlcnMvd2FsdG9uL0dvb2dsZSBEcml2ZS9QYXBlcnMvMTk5Ni9DL0Nvbm5vbGx5MTk5NmFhLnBkZgATAAEvAAAVAAIADf//AACABtIbHB0eWiRjbGFzc25hbWVYJGNsYXNzZXNdTlNNdXRhYmxlRGF0YaMdHyBWTlNEYXRhWE5TT2JqZWN00hscIiNcTlNEaWN0aW9uYXJ5oiIgXxAPTlNLZXllZEFyY2hpdmVy0SYnVHJvb3SAAQAIABEAGgAjAC0AMgA3AEAARgBNAFUAYABnAGoAbABuAHEAcwB1AHcAhACOANMA2ADgApwCngKjAq4CtwLFAskC0ALZAt4C6wLuAwADAwMIAAAAAAAAAgEAAAAAAAAAKAAAAAAAAAAAAAAAAAAAAwo=},
  bdsk-url-1 = {http://dx.doi.org/10.1126/science.274.5295.2104},
}


@article{sakai:2006aa,
  author = {Sakai, Takaomi and Kitamoto, Toshihiro},
  date-added = {2015-06-11 13:49:29 +0000},
  date-modified = {2015-06-11 14:40:02 +0000},
  doi = {10.1002/neu.20262},
  journal = {J Neurobiol},
  month = {Jul},
  number = {8},
  pages = {821--834},
  publisher = {Wiley-Blackwell},
  title = {{Differential roles of two major brain structures, mushroom bodies and central complex, for Drosophila male courtship behavior}},
  volume = {66},
  year = {2006},
  bdsk-file-1 = {YnBsaXN0MDDUAQIDBAUGJCVYJHZlcnNpb25YJG9iamVjdHNZJGFyY2hpdmVyVCR0b3ASAAGGoKgHCBMUFRYaIVUkbnVsbNMJCgsMDxJXTlMua2V5c1pOUy5vYmplY3RzViRjbGFzc6INDoACgAOiEBGABIAFgAdccmVsYXRpdmVQYXRoWWFsaWFzRGF0YV8QPy4uLy4uLy4uLy4uLy4uLy4uLy4uL0dvb2dsZSBEcml2ZS9QYXBlcnMvMjAwNi9TL1Nha2FpMjAwNmFhLnBkZtIXCxgZV05TLmRhdGFPEQGsAAAAAAGsAAIAAAxNYWNpbnRvc2ggSEQAAAAAAAAAAAAAAAAAAADQZvGzSCsAAABHtsIPU2FrYWkyMDA2YWEucGRmAAAAAAAAAAAAAAAAAAAAAAAAAAAAAAAAAAAAAAAAAAAAAAAAAAAAAAAAAAAAAAAAAWoqRM4zW5AAAAAAAAAAAAAHAAUAAAkgAAAAAAAAAAAAAAAAAAAAAVMAABAACAAA0GZzIwAAABEACAAAzjLdAAAAAAEAGABHtsIAR7PiAEezvwBHszoAEOOeABDjhQACAEpNYWNpbnRvc2ggSEQ6VXNlcnM6AHdhbHRvbjoAR29vZ2xlIERyaXZlOgBQYXBlcnM6ADIwMDY6AFM6AFNha2FpMjAwNmFhLnBkZgAOACAADwBTAGEAawBhAGkAMgAwADAANgBhAGEALgBwAGQAZgAPABoADABNAGEAYwBpAG4AdABvAHMAaAAgAEgARAASADdVc2Vycy93YWx0b24vR29vZ2xlIERyaXZlL1BhcGVycy8yMDA2L1MvU2FrYWkyMDA2YWEucGRmAAATAAEvAAAVAAIADf//AACABtIbHB0eWiRjbGFzc25hbWVYJGNsYXNzZXNdTlNNdXRhYmxlRGF0YaMdHyBWTlNEYXRhWE5TT2JqZWN00hscIiNcTlNEaWN0aW9uYXJ5oiIgXxAPTlNLZXllZEFyY2hpdmVy0SYnVHJvb3SAAQAIABEAGgAjAC0AMgA3AEAARgBNAFUAYABnAGoAbABuAHEAcwB1AHcAhACOANAA1QDdAo0CjwKUAp8CqAK2AroCwQLKAs8C3ALfAvEC9AL5AAAAAAAAAgEAAAAAAAAAKAAAAAAAAAAAAAAAAAAAAvs=},
  bdsk-url-1 = {http://dx.doi.org/10.1002/neu.20262},
}


@article{renn:1999aa,
  author = {Renn, Susan CP and Armstrong, J Douglas and Yang, Mingyao and Wang, Zongsheng and An, Xin and Kaiser, Kim and Taghert, Paul H},
  date-added = {2015-06-11 13:48:26 +0000},
  date-modified = {2015-06-11 14:39:49 +0000},
  doi = {10.1002/(SICI)1097-4695(19991105)41:2<189::AID-NEU3>3.0.CO;2-Q},
  journal = {J Neurobiol},
  number = {2},
  pages = {189--207},
  title = {{Genetic analysis of the \emph{Drosophila} ellipsoid body neuropil: organization and development of the central complex}},
  volume = {41},
  year = {1999},
  bdsk-file-1 = {YnBsaXN0MDDUAQIDBAUGJCVYJHZlcnNpb25YJG9iamVjdHNZJGFyY2hpdmVyVCR0b3ASAAGGoKgHCBMUFRYaIVUkbnVsbNMJCgsMDxJXTlMua2V5c1pOUy5vYmplY3RzViRjbGFzc6INDoACgAOiEBGABIAFgAdccmVsYXRpdmVQYXRoWWFsaWFzRGF0YV8QPi4uLy4uLy4uLy4uLy4uLy4uLy4uL0dvb2dsZSBEcml2ZS9QYXBlcnMvMTk5OS9SL1Jlbm4xOTk5YWEucGRm0hcLGBlXTlMuZGF0YU8RAagAAAAAAagAAgAADE1hY2ludG9zaCBIRAAAAAAAAAAAAAAAAAAAANBm8bNIKwAAAEe18A5SZW5uMTk5OWFhLnBkZgAAAAAAAAAAAAAAAAAAAAAAAAAAAAAAAAAAAAAAAAAAAAAAAAAAAAAAAAAAAAAAAAABailk0RtCgQAAAAAAAAAAAAcABQAACSAAAAAAAAAAAAAAAAAAAAABUgAAEAAIAADQZnMjAAAAEQAIAADRGsPxAAAAAQAYAEe18ABHs/kAR7O/AEezOgAQ454AEOOFAAIASU1hY2ludG9zaCBIRDpVc2VyczoAd2FsdG9uOgBHb29nbGUgRHJpdmU6AFBhcGVyczoAMTk5OToAUjoAUmVubjE5OTlhYS5wZGYAAA4AHgAOAFIAZQBuAG4AMQA5ADkAOQBhAGEALgBwAGQAZgAPABoADABNAGEAYwBpAG4AdABvAHMAaAAgAEgARAASADZVc2Vycy93YWx0b24vR29vZ2xlIERyaXZlL1BhcGVycy8xOTk5L1IvUmVubjE5OTlhYS5wZGYAEwABLwAAFQACAA3//wAAgAbSGxwdHlokY2xhc3NuYW1lWCRjbGFzc2VzXU5TTXV0YWJsZURhdGGjHR8gVk5TRGF0YVhOU09iamVjdNIbHCIjXE5TRGljdGlvbmFyeaIiIF8QD05TS2V5ZWRBcmNoaXZlctEmJ1Ryb290gAEACAARABoAIwAtADIANwBAAEYATQBVAGAAZwBqAGwAbgBxAHMAdQB3AIQAjgDPANQA3AKIAooCjwKaAqMCsQK1ArwCxQLKAtcC2gLsAu8C9AAAAAAAAAIBAAAAAAAAACgAAAAAAAAAAAAAAAAAAAL2},
}


@article{kraus:2010aa,
  author = {Kraus, R. L. and Li, Y. and Gregan, Y. and Gotter, A. L. and Uebele, V. N. and Fox, S. V. and Doran, S. M. and Barrow, J. C. and Yang, Z.-Q. and Reger, T. S. and Koblan, K. S. and Renger, J. J.},
  date-added = {2015-06-11 13:43:49 +0000},
  date-modified = {2015-06-11 14:41:26 +0000},
  doi = {10.1124/jpet.110.171058},
  journal = {J Pharmacology and Experimental Therapeutics},
  month = {Aug},
  number = {2},
  pages = {409--417},
  publisher = {American Society for Pharmacology {\\&} Experimental Therapeutics ({ASPET})},
  title = {{In Vitro Characterization of T-Type Calcium Channel Antagonist {TTA}-A2 and In Vivo Effects on Arousal in Mice}},
  volume = {335},
  year = {2010},
  bdsk-file-1 = {YnBsaXN0MDDUAQIDBAUGJCVYJHZlcnNpb25YJG9iamVjdHNZJGFyY2hpdmVyVCR0b3ASAAGGoKgHCBMUFRYaIVUkbnVsbNMJCgsMDxJXTlMua2V5c1pOUy5vYmplY3RzViRjbGFzc6INDoACgAOiEBGABIAFgAdccmVsYXRpdmVQYXRoWWFsaWFzRGF0YV8QPy4uLy4uLy4uLy4uLy4uLy4uLy4uL0dvb2dsZSBEcml2ZS9QYXBlcnMvMjAxMC9LL0tyYXVzMjAxMGFhLnBkZtIXCxgZV05TLmRhdGFPEQGsAAAAAAGsAAIAAAxNYWNpbnRvc2ggSEQAAAAAAAAAAAAAAAAAAADQZvGzSCsAAABHtxsPS3JhdXMyMDEwYWEucGRmAAAAAAAAAAAAAAAAAAAAAAAAAAAAAAAAAAAAAAAAAAAAAAAAAAAAAAAAAAAAAAAAAY0IDtGfv5VQREYgAAAAAAAHAAUAAAkgAAAAAAAAAAAAAAAAAAAAAUsAABAACAAA0GZzIwAAABEACAAA0Z9BBQAAAAEAGABHtxsAR7PdAEezvwBHszoAEOOeABDjhQACAEpNYWNpbnRvc2ggSEQ6VXNlcnM6AHdhbHRvbjoAR29vZ2xlIERyaXZlOgBQYXBlcnM6ADIwMTA6AEs6AEtyYXVzMjAxMGFhLnBkZgAOACAADwBLAHIAYQB1AHMAMgAwADEAMABhAGEALgBwAGQAZgAPABoADABNAGEAYwBpAG4AdABvAHMAaAAgAEgARAASADdVc2Vycy93YWx0b24vR29vZ2xlIERyaXZlL1BhcGVycy8yMDEwL0svS3JhdXMyMDEwYWEucGRmAAATAAEvAAAVAAIADf//AACABtIbHB0eWiRjbGFzc25hbWVYJGNsYXNzZXNdTlNNdXRhYmxlRGF0YaMdHyBWTlNEYXRhWE5TT2JqZWN00hscIiNcTlNEaWN0aW9uYXJ5oiIgXxAPTlNLZXllZEFyY2hpdmVy0SYnVHJvb3SAAQAIABEAGgAjAC0AMgA3AEAARgBNAFUAYABnAGoAbABuAHEAcwB1AHcAhACOANAA1QDdAo0CjwKUAp8CqAK2AroCwQLKAs8C3ALfAvEC9AL5AAAAAAAAAgEAAAAAAAAAKAAAAAAAAAAAAAAAAAAAAvs=},
  bdsk-url-1 = {http://dx.doi.org/10.1124/jpet.110.171058},
}


@article{talley:1999aa,
  author = {Talley, Edmund M and Cribbs, Leanne L and Lee, Jung-Ha and Daud, Asif and Perez-Reyes, Edward and Bayliss, Douglas A},
  date-added = {2015-06-11 13:41:34 +0000},
  date-modified = {2015-06-11 13:42:05 +0000},
  journal = {J Neurosci},
  number = {6},
  pages = {1895--1911},
  publisher = {Soc Neuroscience},
  title = {{Differential distribution of three members of a gene family encoding low voltage-activated (T-type) calcium channels}},
  volume = {19},
  year = {1999},
  bdsk-file-1 = {YnBsaXN0MDDUAQIDBAUGJCVYJHZlcnNpb25YJG9iamVjdHNZJGFyY2hpdmVyVCR0b3ASAAGGoKgHCBMUFRYaIVUkbnVsbNMJCgsMDxJXTlMua2V5c1pOUy5vYmplY3RzViRjbGFzc6INDoACgAOiEBGABIAFgAdccmVsYXRpdmVQYXRoWWFsaWFzRGF0YV8QQC4uLy4uLy4uLy4uLy4uLy4uLy4uL0dvb2dsZSBEcml2ZS9QYXBlcnMvMTk5OS9UL1RhbGxleTE5OTlhYS5wZGbSFwsYGVdOUy5kYXRhTxEBsAAAAAABsAACAAAMTWFjaW50b3NoIEhEAAAAAAAAAAAAAAAAAAAA0Gbxs0grAAAAR7SGEFRhbGxleTE5OTlhYS5wZGYAAAAAAAAAAAAAAAAAAAAAAAAAAAAAAAAAAAAAAAAAAAAAAAAAAAAAAAAAAAAAAAFqJ3uy+iGQAAAAAAAAAAAABwAFAAAJIAAAAAAAAAAAAAAAAAAAAAFUAAAQAAgAANBmcyMAAAARAAgAALL5owAAAAABABgAR7SGAEez+QBHs78AR7M6ABDjngAQ44UAAgBLTWFjaW50b3NoIEhEOlVzZXJzOgB3YWx0b246AEdvb2dsZSBEcml2ZToAUGFwZXJzOgAxOTk5OgBUOgBUYWxsZXkxOTk5YWEucGRmAAAOACIAEABUAGEAbABsAGUAeQAxADkAOQA5AGEAYQAuAHAAZABmAA8AGgAMAE0AYQBjAGkAbgB0AG8AcwBoACAASABEABIAOFVzZXJzL3dhbHRvbi9Hb29nbGUgRHJpdmUvUGFwZXJzLzE5OTkvVC9UYWxsZXkxOTk5YWEucGRmABMAAS8AABUAAgAN//8AAIAG0hscHR5aJGNsYXNzbmFtZVgkY2xhc3Nlc11OU011dGFibGVEYXRhox0fIFZOU0RhdGFYTlNPYmplY3TSGxwiI1xOU0RpY3Rpb25hcnmiIiBfEA9OU0tleWVkQXJjaGl2ZXLRJidUcm9vdIABAAgAEQAaACMALQAyADcAQABGAE0AVQBgAGcAagBsAG4AcQBzAHUAdwCEAI4A0QDWAN4CkgKUApkCpAKtArsCvwLGAs8C1ALhAuQC9gL5Av4AAAAAAAACAQAAAAAAAAAoAAAAAAAAAAAAAAAAAAADAA==},
}


@article{dreyfus:2010aa,
  author = {Dreyfus, F. M. and Tscherter, A. and Errington, A. C. and Renger, J. J. and Shin, H.-S. and Uebele, V. N. and Crunelli, V. and Lambert, R. C. and Leresche, N.},
  date-added = {2015-06-11 13:37:56 +0000},
  date-modified = {2015-06-11 13:38:42 +0000},
  doi = {10.1523/JNEUROSCI.4305-09.2010},
  journal = {J Neurosci},
  month = {Jan},
  number = {1},
  pages = {99--109},
  publisher = {Society for Neuroscience},
  title = {{Selective T-Type Calcium Channel Block in Thalamic Neurons Reveals Channel Redundancy and Physiological Impact of {ITwindow}}},
  volume = {30},
  year = {2010},
  bdsk-file-1 = {YnBsaXN0MDDUAQIDBAUGJCVYJHZlcnNpb25YJG9iamVjdHNZJGFyY2hpdmVyVCR0b3ASAAGGoKgHCBMUFRYaIVUkbnVsbNMJCgsMDxJXTlMua2V5c1pOUy5vYmplY3RzViRjbGFzc6INDoACgAOiEBGABIAFgAdccmVsYXRpdmVQYXRoWWFsaWFzRGF0YV8QQS4uLy4uLy4uLy4uLy4uLy4uLy4uL0dvb2dsZSBEcml2ZS9QYXBlcnMvMjAxMC9EL0RyZXlmdXMyMDEwYWEucGRm0hcLGBlXTlMuZGF0YU8RAbQAAAAAAbQAAgAADE1hY2ludG9zaCBIRAAAAAAAAAAAAAAAAAAAANBm8bNIKwAAAEe3CBFEcmV5ZnVzMjAxMGFhLnBkZgAAAAAAAAAAAAAAAAAAAAAAAAAAAAAAAAAAAAAAAAAAAAAAAAAAAAAAAAAAAAABaibAx5A1jwAAAAAAAAAAAAcABQAACSAAAAAAAAAAAAAAAAAAAAABRAAAEAAIAADQZnMjAAAAEQAIAADHj7b/AAAAAQAYAEe3CABHs90AR7O/AEezOgAQ454AEOOFAAIATE1hY2ludG9zaCBIRDpVc2VyczoAd2FsdG9uOgBHb29nbGUgRHJpdmU6AFBhcGVyczoAMjAxMDoARDoARHJleWZ1czIwMTBhYS5wZGYADgAkABEARAByAGUAeQBmAHUAcwAyADAAMQAwAGEAYQAuAHAAZABmAA8AGgAMAE0AYQBjAGkAbgB0AG8AcwBoACAASABEABIAOVVzZXJzL3dhbHRvbi9Hb29nbGUgRHJpdmUvUGFwZXJzLzIwMTAvRC9EcmV5ZnVzMjAxMGFhLnBkZgAAEwABLwAAFQACAA3//wAAgAbSGxwdHlokY2xhc3NuYW1lWCRjbGFzc2VzXU5TTXV0YWJsZURhdGGjHR8gVk5TRGF0YVhOU09iamVjdNIbHCIjXE5TRGljdGlvbmFyeaIiIF8QD05TS2V5ZWRBcmNoaXZlctEmJ1Ryb290gAEACAARABoAIwAtADIANwBAAEYATQBVAGAAZwBqAGwAbgBxAHMAdQB3AIQAjgDSANcA3wKXApkCngKpArICwALEAssC1ALZAuYC6QL7Av4DAwAAAAAAAAIBAAAAAAAAACgAAAAAAAAAAAAAAAAAAAMF},
  bdsk-url-1 = {http://dx.doi.org/10.1523/jneurosci.4305-09.2010},
}


@article{crunelli:2004aa,
  author = {Crunelli, Vincenzo and T{\'{o}}th, Tibor I. and Cope, David W. and Blethyn, Kate and Hughes, Stuart W.},
  date-added = {2015-06-11 13:36:15 +0000},
  date-modified = {2015-07-16 07:23:39 +0000},
  doi = {10.1113/jphysiol.2004.076273},
  journal = {J Physiol},
  month = {Dec},
  number = {1},
  pages = {121--129},
  publisher = {Wiley-Blackwell},
  title = {{The 'window' T-type calcium current in brain dynamics of different behavioural states}},
  volume = {562},
  year = {2004},
  bdsk-file-1 = {YnBsaXN0MDDUAQIDBAUGJCVYJHZlcnNpb25YJG9iamVjdHNZJGFyY2hpdmVyVCR0b3ASAAGGoKgHCBMUFRYaIVUkbnVsbNMJCgsMDxJXTlMua2V5c1pOUy5vYmplY3RzViRjbGFzc6INDoACgAOiEBGABIAFgAdccmVsYXRpdmVQYXRoWWFsaWFzRGF0YV8QQi4uLy4uLy4uLy4uLy4uLy4uLy4uL0dvb2dsZSBEcml2ZS9QYXBlcnMvMjAwNC9DL0NydW5lbGxpMjAwNGFhLnBkZtIXCxgZV05TLmRhdGFPEQG4AAAAAAG4AAIAAAxNYWNpbnRvc2ggSEQAAAAAAAAAAAAAAAAAAADQZvGzSCsAAABHtcISQ3J1bmVsbGkyMDA0YWEucGRmAAAAAAAAAAAAAAAAAAAAAAAAAAAAAAAAAAAAAAAAAAAAAAAAAAAAAAAAAAAAAWolz8hrizkAAAAAAAAAAAAHAAUAAAkgAAAAAAAAAAAAAAAAAAAAAUMAABAACAAA0GZzIwAAABEACAAAyGsMqQAAAAEAGABHtcIAR7PbAEezvwBHszoAEOOeABDjhQACAE1NYWNpbnRvc2ggSEQ6VXNlcnM6AHdhbHRvbjoAR29vZ2xlIERyaXZlOgBQYXBlcnM6ADIwMDQ6AEM6AENydW5lbGxpMjAwNGFhLnBkZgAADgAmABIAQwByAHUAbgBlAGwAbABpADIAMAAwADQAYQBhAC4AcABkAGYADwAaAAwATQBhAGMAaQBuAHQAbwBzAGgAIABIAEQAEgA6VXNlcnMvd2FsdG9uL0dvb2dsZSBEcml2ZS9QYXBlcnMvMjAwNC9DL0NydW5lbGxpMjAwNGFhLnBkZgATAAEvAAAVAAIADf//AACABtIbHB0eWiRjbGFzc25hbWVYJGNsYXNzZXNdTlNNdXRhYmxlRGF0YaMdHyBWTlNEYXRhWE5TT2JqZWN00hscIiNcTlNEaWN0aW9uYXJ5oiIgXxAPTlNLZXllZEFyY2hpdmVy0SYnVHJvb3SAAQAIABEAGgAjAC0AMgA3AEAARgBNAFUAYABnAGoAbABuAHEAcwB1AHcAhACOANMA2ADgApwCngKjAq4CtwLFAskC0ALZAt4C6wLuAwADAwMIAAAAAAAAAgEAAAAAAAAAKAAAAAAAAAAAAAAAAAAAAwo=},
  bdsk-url-1 = {http://dx.doi.org/10.1113/jphysiol.2004.076273},
}


@article{Lin:1994vn,
  affiliation = {Howard Hughes Medical Institute, Department of Molecular and Cell Biology, University of California, Berkeley 94720.},
  author = {Lin, D M and Goodman, C S},
  date-added = {2015-06-11 13:33:42 +0000},
  date-modified = {2015-06-11 13:33:42 +0000},
  file = {{Lin1994vn.pdf:/Users/walton/Google Drive/Papers/1994/L/Lin1994vn.pdf:application/pdf}},
  journal = {Neuron},
  language = {eng},
  month = {sep},
  number = {3},
  pages = {507--523},
  pmid = {7917288},
  rating = {0},
  title = {{Ectopic and increased expression of Fasciclin II alters motoneuron growth cone guidance}},
  volume = {13},
  year = {1994},
  abstract = {We used the enhancer detection/GAL4 system in Drosophila to direct increased levels of Fasciclin II (Fas II) expression on motoneuron growth cones and axons and to direct ectopic Fas II expression on other cells they encounter. Four classes of abnormal phenotypes are observed: {bypass} phenotypes, in which axons fail to defasciculate at the choice point where they would normally enter their muscle target region and instead extend past their target; {detour} phenotypes, in which these bypass growth cones enter their muscle target region at a different location; {stall} phenotypes, in which axons that enter their muscle target region fail to defasciculate from one another to probe their muscle targets; and {misroute} phenotypes, in which growth cones are diverted onto abnormal pathways by contact with Fas II-positive cells. These phenotypes show that changes in the pattern and level of Fas II expression can alter growth cone guidance, apparently in part by modulating the ability of these growth cones to respond to other guidance cues.},
  bdsk-file-1 = {YnBsaXN0MDDUAQIDBAUGJCVYJHZlcnNpb25YJG9iamVjdHNZJGFyY2hpdmVyVCR0b3ASAAGGoKgHCBMUFRYaIVUkbnVsbNMJCgsMDxJXTlMua2V5c1pOUy5vYmplY3RzViRjbGFzc6INDoACgAOiEBGABIAFgAdccmVsYXRpdmVQYXRoWWFsaWFzRGF0YV8QPS4uLy4uLy4uLy4uLy4uLy4uLy4uL0dvb2dsZSBEcml2ZS9QYXBlcnMvMTk5NC9ML0xpbjE5OTR2bi5wZGbSFwsYGVdOUy5kYXRhTxEBpAAAAAABpAACAAAMTWFjaW50b3NoIEhEAAAAAAAAAAAAAAAAAAAA0Gbxs0grAAAAR7bADUxpbjE5OTR2bi5wZGYAAAAAAAAAAAAAAAAAAAAAAAAAAAAAAAAAAAAAAAAAAAAAAAAAAAAAAAAAAAAAAAAAAABH30LFut7EAAAAAAAAAAAABwAFAAAJIAAAAAAAAAAAAAAAAAAAAAFMAAAQAAgAANBmcyMAAAARAAgAAMW6YDQAAAABABgAR7bAAEezyQBHs78AR7M6ABDjngAQ44UAAgBITWFjaW50b3NoIEhEOlVzZXJzOgB3YWx0b246AEdvb2dsZSBEcml2ZToAUGFwZXJzOgAxOTk0OgBMOgBMaW4xOTk0dm4ucGRmAA4AHAANAEwAaQBuADEAOQA5ADQAdgBuAC4AcABkAGYADwAaAAwATQBhAGMAaQBuAHQAbwBzAGgAIABIAEQAEgA1VXNlcnMvd2FsdG9uL0dvb2dsZSBEcml2ZS9QYXBlcnMvMTk5NC9ML0xpbjE5OTR2bi5wZGYAABMAAS8AABUAAgAN//8AAIAG0hscHR5aJGNsYXNzbmFtZVgkY2xhc3Nlc11OU011dGFibGVEYXRhox0fIFZOU0RhdGFYTlNPYmplY3TSGxwiI1xOU0RpY3Rpb25hcnmiIiBfEA9OU0tleWVkQXJjaGl2ZXLRJidUcm9vdIABAAgAEQAaACMALQAyADcAQABGAE0AVQBgAGcAagBsAG4AcQBzAHUAdwCEAI4AzgDTANsCgwKFAooClQKeAqwCsAK3AsACxQLSAtUC5wLqAu8AAAAAAAACAQAAAAAAAAAoAAAAAAAAAAAAAAAAAAAC8Q==},
  bdsk-url-1 = {http://www.sciencedirect.com/science?_ob=ArticleURL&_udi=B6WSS-4C71KSX-R&_user=170364&_rdoc=1&_fmt=&_orig=search&_sort=d&view=c&_acct=C000013318&_version=1&_urlVersion=0&_userid=170364&md5=b25e82e481b697e359f9edfea123a32f},
}


@article{carbone:1984aa,
  author = {Carbone, E. and Lux, H.D.},
  date-added = {2015-06-11 08:43:08 +0000},
  date-modified = {2015-06-11 08:43:08 +0000},
  journal = {Nature},
  month = {Aug},
  number = {5977},
  pages = {501--502},
  publisher = {Nature Publishing Group},
  title = {{A low voltage-activated, fully inactivating Ca channel in vertebrate sensory neurones}},
  volume = {310},
  year = {1984},
  bdsk-file-1 = {YnBsaXN0MDDUAQIDBAUGJCVYJHZlcnNpb25YJG9iamVjdHNZJGFyY2hpdmVyVCR0b3ASAAGGoKgHCBMUFRYaIVUkbnVsbNMJCgsMDxJXTlMua2V5c1pOUy5vYmplY3RzViRjbGFzc6INDoACgAOiEBGABIAFgAdccmVsYXRpdmVQYXRoWWFsaWFzRGF0YV8QQS4uLy4uLy4uLy4uLy4uLy4uLy4uL0dvb2dsZSBEcml2ZS9QYXBlcnMvMTk4NC9DL0NhcmJvbmUxOTg0YWEucGRm0hcLGBlXTlMuZGF0YU8RAbQAAAAAAbQAAgAADE1hY2ludG9zaCBIRAAAAAAAAAAAAAAAAAAAANBm8bNIKwAAAWoeOBFDYXJib25lMTk4NGFhLnBkZgAAAAAAAAAAAAAAAAAAAAAAAAAAAAAAAAAAAAAAAAAAAAAAAAAAAAAAAAAAAAABah4M0Z94mAAAAAAAAAAAAAcABQAACSAAAAAAAAAAAAAAAAAAAAABQwAAEAAIAADQZnMjAAAAEQAIAADRnvoIAAAAAQAYAWoeOABHs9QAR7O/AEezOgAQ454AEOOFAAIATE1hY2ludG9zaCBIRDpVc2VyczoAd2FsdG9uOgBHb29nbGUgRHJpdmU6AFBhcGVyczoAMTk4NDoAQzoAQ2FyYm9uZTE5ODRhYS5wZGYADgAkABEAQwBhAHIAYgBvAG4AZQAxADkAOAA0AGEAYQAuAHAAZABmAA8AGgAMAE0AYQBjAGkAbgB0AG8AcwBoACAASABEABIAOVVzZXJzL3dhbHRvbi9Hb29nbGUgRHJpdmUvUGFwZXJzLzE5ODQvQy9DYXJib25lMTk4NGFhLnBkZgAAEwABLwAAFQACAA3//wAAgAbSGxwdHlokY2xhc3NuYW1lWCRjbGFzc2VzXU5TTXV0YWJsZURhdGGjHR8gVk5TRGF0YVhOU09iamVjdNIbHCIjXE5TRGljdGlvbmFyeaIiIF8QD05TS2V5ZWRBcmNoaXZlctEmJ1Ryb290gAEACAARABoAIwAtADIANwBAAEYATQBVAGAAZwBqAGwAbgBxAHMAdQB3AIQAjgDSANcA3wKXApkCngKpArICwALEAssC1ALZAuYC6QL7Av4DAwAAAAAAAAIBAAAAAAAAACgAAAAAAAAAAAAAAAAAAAMF},
  bdsk-url-1 = {http://dx.doi.org/10.1038/310501a0},
}


@article{PerezReyes:2003bw,
  affiliation = {Department of Pharmacology, University of Virginia, Charlottesville, Virginia 22908-0735, USA. eperez@virginia.edu},
  author = {Perez-Reyes, Edward},
  date-added = {2015-06-11 08:40:34 +0000},
  date-modified = {2015-07-16 07:23:16 +0000},
  doi = {10.1152/physrev.00018.2002},
  file = {{PerezReyes2003bw.pdf:/Users/walton/Google Drive/Papers/2003/P/PerezReyes2003bw.pdf:application/pdf}},
  journal = {Physiol Rev},
  language = {English},
  month = {jan},
  number = {1},
  pages = {117--161},
  pmid = {12506128},
  rating = {0},
  title = {{Molecular physiology of low-voltage-activated T-type calcium channels.}},
  volume = {83},
  year = {2003},
  abstract = {T-type Ca2+ channels were originally called low-voltage-activated (LVA) channels because they can be activated by small depolarizations of the plasma membrane. In many neurons Ca2+ influx through LVA channels triggers low-threshold spikes, which in turn triggers a burst of action potentials mediated by Na+ channels. Burst firing is thought to play an important role in the synchronized activity of the thalamus observed in absence epilepsy, but may also underlie a wider range of thalamocortical dysrhythmias. In addition to a pacemaker role, Ca2+ entry via T-type channels can directly regulate intracellular Ca2+ concentrations, which is an important second messenger for a variety of cellular processes. Molecular cloning revealed the existence of three T-type channel genes. The deduced amino acid sequence shows a similar four-repeat structure to that found in high-voltage-activated (HVA) Ca2+ channels, and Na+ channels, indicating that they are evolutionarily related. Hence, the alpha1-subunits of T-type channels are now designated Cav3. Although mRNAs for all three Cav3 subtypes are expressed in brain, they vary in terms of their peripheral expression, with Cav3.2 showing the widest expression. The electrophysiological activities of recombinant Cav3 channels are very similar to native T-type currents and can be differentiated from HVA channels by their activation at lower voltages, faster inactivation, slower deactivation, and smaller conductance of Ba2+. The Cav3 subtypes can be differentiated by their kinetics and sensitivity to block by Ni2+. The goal of this review is to provide a comprehensive description of T-type currents, their distribution, regulation, pharmacology, and cloning.},
  bdsk-file-1 = {YnBsaXN0MDDUAQIDBAUGJCVYJHZlcnNpb25YJG9iamVjdHNZJGFyY2hpdmVyVCR0b3ASAAGGoKgHCBMUFRYaIVUkbnVsbNMJCgsMDxJXTlMua2V5c1pOUy5vYmplY3RzViRjbGFzc6INDoACgAOiEBGABIAFgAdccmVsYXRpdmVQYXRoWWFsaWFzRGF0YV8QRC4uLy4uLy4uLy4uLy4uLy4uLy4uL0dvb2dsZSBEcml2ZS9QYXBlcnMvMjAwMy9QL1BlcmV6UmV5ZXMyMDAzYncucGRm0hcLGBlXTlMuZGF0YU8RAcAAAAAAAcAAAgAADE1hY2ludG9zaCBIRAAAAAAAAAAAAAAAAAAAANBm8bNIKwAAAEe0xxRQZXJlelJleWVzMjAwM2J3LnBkZgAAAAAAAAAAAAAAAAAAAAAAAAAAAAAAAAAAAAAAAAAAAAAAAAAAAAAAAAAAR/Xgz3RFNgAAAAAAAAAAAAcABQAACSAAAAAAAAAAAAAAAAAAAAABUAAAEAAIAADQZnMjAAAAEQAIAADPc8amAAAAAQAYAEe0xwBHs8gAR7O/AEezOgAQ454AEOOFAAIAT01hY2ludG9zaCBIRDpVc2VyczoAd2FsdG9uOgBHb29nbGUgRHJpdmU6AFBhcGVyczoAMjAwMzoAUDoAUGVyZXpSZXllczIwMDNidy5wZGYAAA4AKgAUAFAAZQByAGUAegBSAGUAeQBlAHMAMgAwADAAMwBiAHcALgBwAGQAZgAPABoADABNAGEAYwBpAG4AdABvAHMAaAAgAEgARAASADxVc2Vycy93YWx0b24vR29vZ2xlIERyaXZlL1BhcGVycy8yMDAzL1AvUGVyZXpSZXllczIwMDNidy5wZGYAEwABLwAAFQACAA3//wAAgAbSGxwdHlokY2xhc3NuYW1lWCRjbGFzc2VzXU5TTXV0YWJsZURhdGGjHR8gVk5TRGF0YVhOU09iamVjdNIbHCIjXE5TRGljdGlvbmFyeaIiIF8QD05TS2V5ZWRBcmNoaXZlctEmJ1Ryb290gAEACAARABoAIwAtADIANwBAAEYATQBVAGAAZwBqAGwAbgBxAHMAdQB3AIQAjgDVANoA4gKmAqgCrQK4AsECzwLTAtoC4wLoAvUC+AMKAw0DEgAAAAAAAAIBAAAAAAAAACgAAAAAAAAAAAAAAAAAAAMU},
  bdsk-url-1 = {http://eutils.ncbi.nlm.nih.gov/entrez/eutils/elink.fcgi?dbfrom=pubmed&id=12506128&retmode=ref&cmd=prlinks},
  bdsk-url-2 = {http://dx.doi.org/10.1152/physrev.00018.2002},
}


@article{senatore:2010aa,
  author = {Senatore, A. and Spafford, J. D.},
  date-added = {2015-06-11 08:39:56 +0000},
  date-modified = {2015-06-11 14:41:37 +0000},
  doi = {10.1074/jbc.M109.090753},
  journal = {J Biol Chem},
  month = {Jan},
  number = {10},
  pages = {7447--7458},
  publisher = {American Society for Biochemistry {\\&} Molecular Biology ({ASBMB})},
  title = {{Transient and Big Are Key Features of an Invertebrate T-type Channel ({LCav}3) from the Central Nervous System of Lymnaea stagnalis}},
  volume = {285},
  year = {2010},
  bdsk-file-1 = {YnBsaXN0MDDUAQIDBAUGJCVYJHZlcnNpb25YJG9iamVjdHNZJGFyY2hpdmVyVCR0b3ASAAGGoKgHCBMUFRYaIVUkbnVsbNMJCgsMDxJXTlMua2V5c1pOUy5vYmplY3RzViRjbGFzc6INDoACgAOiEBGABIAFgAdccmVsYXRpdmVQYXRoWWFsaWFzRGF0YV8QQi4uLy4uLy4uLy4uLy4uLy4uLy4uL0dvb2dsZSBEcml2ZS9QYXBlcnMvMjAxMC9TL1NlbmF0b3JlMjAxMGFhLnBkZtIXCxgZV05TLmRhdGFPEQG4AAAAAAG4AAIAAAxNYWNpbnRvc2ggSEQAAAAAAAAAAAAAAAAAAADQZvGzSCsAAABHtqYSU2VuYXRvcmUyMDEwYWEucGRmAAAAAAAAAAAAAAAAAAAAAAAAAAAAAAAAAAAAAAAAAAAAAAAAAAAAAAAAAAAAAYeJRdGfdGBQREYgAAAAAAAHAAUAAAkgAAAAAAAAAAAAAAAAAAAAAVMAABAACAAA0GZzIwAAABEACAAA0Z710AAAAAEAGABHtqYAR7PdAEezvwBHszoAEOOeABDjhQACAE1NYWNpbnRvc2ggSEQ6VXNlcnM6AHdhbHRvbjoAR29vZ2xlIERyaXZlOgBQYXBlcnM6ADIwMTA6AFM6AFNlbmF0b3JlMjAxMGFhLnBkZgAADgAmABIAUwBlAG4AYQB0AG8AcgBlADIAMAAxADAAYQBhAC4AcABkAGYADwAaAAwATQBhAGMAaQBuAHQAbwBzAGgAIABIAEQAEgA6VXNlcnMvd2FsdG9uL0dvb2dsZSBEcml2ZS9QYXBlcnMvMjAxMC9TL1NlbmF0b3JlMjAxMGFhLnBkZgATAAEvAAAVAAIADf//AACABtIbHB0eWiRjbGFzc25hbWVYJGNsYXNzZXNdTlNNdXRhYmxlRGF0YaMdHyBWTlNEYXRhWE5TT2JqZWN00hscIiNcTlNEaWN0aW9uYXJ5oiIgXxAPTlNLZXllZEFyY2hpdmVy0SYnVHJvb3SAAQAIABEAGgAjAC0AMgA3AEAARgBNAFUAYABnAGoAbABuAHEAcwB1AHcAhACOANMA2ADgApwCngKjAq4CtwLFAskC0ALZAt4C6wLuAwADAwMIAAAAAAAAAgEAAAAAAAAAKAAAAAAAAAAAAAAAAAAAAwo=},
  bdsk-url-1 = {http://dx.doi.org/10.1074/jbc.m109.090753},
}


@article{lee:1999ab,
  author = {Lee, Jung-Ha and Gomora, Juan Carlos and Cribbs, Leanne L and Perez-Reyes, Edward},
  date-added = {2015-06-11 08:20:50 +0000},
  date-modified = {2015-06-11 14:41:46 +0000},
  doi = {10.1016/S0006-3495(99)77134-1},
  journal = {Biophys J},
  number = {6},
  pages = {3034--3042},
  publisher = {Elsevier},
  title = {{Nickel block of three cloned T-type calcium channels: low concentrations selectively block $\alpha$1H}},
  volume = {77},
  year = {1999},
  bdsk-file-1 = {YnBsaXN0MDDUAQIDBAUGJCVYJHZlcnNpb25YJG9iamVjdHNZJGFyY2hpdmVyVCR0b3ASAAGGoKgHCBMUFRYaIVUkbnVsbNMJCgsMDxJXTlMua2V5c1pOUy5vYmplY3RzViRjbGFzc6INDoACgAOiEBGABIAFgAdccmVsYXRpdmVQYXRoWWFsaWFzRGF0YV8QPS4uLy4uLy4uLy4uLy4uLy4uLy4uL0dvb2dsZSBEcml2ZS9QYXBlcnMvMTk5OS9ML0xlZTE5OTlhYi5wZGbSFwsYGVdOUy5kYXRhTxEBpAAAAAABpAACAAAMTWFjaW50b3NoIEhEAAAAAAAAAAAAAAAAAAAA0Gbxs0grAAAAR7WRDUxlZTE5OTlhYi5wZGYAAAAAAAAAAAAAAAAAAAAAAAAAAAAAAAAAAAAAAAAAAAAAAAAAAAAAAAAAAAAAAAAAAAFqFD3IxILKAAAAAAAAAAAABwAFAAAJIAAAAAAAAAAAAAAAAAAAAAFMAAAQAAgAANBmcyMAAAARAAgAAMjEBDoAAAABABgAR7WRAEez+QBHs78AR7M6ABDjngAQ44UAAgBITWFjaW50b3NoIEhEOlVzZXJzOgB3YWx0b246AEdvb2dsZSBEcml2ZToAUGFwZXJzOgAxOTk5OgBMOgBMZWUxOTk5YWIucGRmAA4AHAANAEwAZQBlADEAOQA5ADkAYQBiAC4AcABkAGYADwAaAAwATQBhAGMAaQBuAHQAbwBzAGgAIABIAEQAEgA1VXNlcnMvd2FsdG9uL0dvb2dsZSBEcml2ZS9QYXBlcnMvMTk5OS9ML0xlZTE5OTlhYi5wZGYAABMAAS8AABUAAgAN//8AAIAG0hscHR5aJGNsYXNzbmFtZVgkY2xhc3Nlc11OU011dGFibGVEYXRhox0fIFZOU0RhdGFYTlNPYmplY3TSGxwiI1xOU0RpY3Rpb25hcnmiIiBfEA9OU0tleWVkQXJjaGl2ZXLRJidUcm9vdIABAAgAEQAaACMALQAyADcAQABGAE0AVQBgAGcAagBsAG4AcQBzAHUAdwCEAI4AzgDTANsCgwKFAooClQKeAqwCsAK3AsACxQLSAtUC5wLqAu8AAAAAAAACAQAAAAAAAAAoAAAAAAAAAAAAAAAAAAAC8Q==},
  bdsk-url-1 = {http://www.sciencedirect.com/science/article/pii/S0006349599771341#},
}


@article{shcheglovitov:2007aa,
  author = {Shcheglovitov, Aleksandr and Kostyuk, Platon and Shuba, Yaroslav},
  date-added = {2015-06-11 08:16:39 +0000},
  date-modified = {2015-06-11 14:42:10 +0000},
  doi = {10.1016/j.bbamem.2007.02.017},
  journal = {Biochimica et Biophysica Acta - Biomembranes},
  month = {Jun},
  number = {6},
  pages = {1406--1419},
  publisher = {Elsevier},
  title = {{Selectivity signatures of three isoforms of recombinant T-type Ca2+ channels}},
  volume = {1768},
  year = {2007},
  bdsk-file-1 = {YnBsaXN0MDDUAQIDBAUGJCVYJHZlcnNpb25YJG9iamVjdHNZJGFyY2hpdmVyVCR0b3ASAAGGoKgHCBMUFRYaIVUkbnVsbNMJCgsMDxJXTlMua2V5c1pOUy5vYmplY3RzViRjbGFzc6INDoACgAOiEBGABIAFgAdccmVsYXRpdmVQYXRoWWFsaWFzRGF0YV8QRy4uLy4uLy4uLy4uLy4uLy4uLy4uL0dvb2dsZSBEcml2ZS9QYXBlcnMvMjAwNy9TL1NoY2hlZ2xvdml0b3YyMDA3YWEucGRm0hcLGBlXTlMuZGF0YU8RAcwAAAAAAcwAAgAADE1hY2ludG9zaCBIRAAAAAAAAAAAAAAAAAAAANBm8bNIKwAAAEe04BdTaGNoZWdsb3ZpdG92MjAwN2FhLnBkZgAAAAAAAAAAAAAAAAAAAAAAAAAAAAAAAAAAAAAAAAAAAAAAAAAAAAABahNHyP57AwAAAAAAAAAAAAcABQAACSAAAAAAAAAAAAAAAAAAAAABUwAAEAAIAADQZnMjAAAAEQAIAADI/fxzAAAAAQAYAEe04ABHs+oAR7O/AEezOgAQ454AEOOFAAIAUk1hY2ludG9zaCBIRDpVc2VyczoAd2FsdG9uOgBHb29nbGUgRHJpdmU6AFBhcGVyczoAMjAwNzoAUzoAU2hjaGVnbG92aXRvdjIwMDdhYS5wZGYADgAwABcAUwBoAGMAaABlAGcAbABvAHYAaQB0AG8AdgAyADAAMAA3AGEAYQAuAHAAZABmAA8AGgAMAE0AYQBjAGkAbgB0AG8AcwBoACAASABEABIAP1VzZXJzL3dhbHRvbi9Hb29nbGUgRHJpdmUvUGFwZXJzLzIwMDcvUy9TaGNoZWdsb3ZpdG92MjAwN2FhLnBkZgAAEwABLwAAFQACAA3//wAAgAbSGxwdHlokY2xhc3NuYW1lWCRjbGFzc2VzXU5TTXV0YWJsZURhdGGjHR8gVk5TRGF0YVhOU09iamVjdNIbHCIjXE5TRGljdGlvbmFyeaIiIF8QD05TS2V5ZWRBcmNoaXZlctEmJ1Ryb290gAEACAARABoAIwAtADIANwBAAEYATQBVAGAAZwBqAGwAbgBxAHMAdQB3AIQAjgDYAN0A5QK1ArcCvALHAtAC3gLiAukC8gL3AwQDBwMZAxwDIQAAAAAAAAIBAAAAAAAAACgAAAAAAAAAAAAAAAAAAAMj},
  bdsk-url-1 = {http://dx.doi.org/10.1016/j.bbamem.2007.02.017},
}


@article{mcrory:2000aa,
  author = {McRory, John E and Santi, Celia M and Hamming, Kevin SC and Mezeyova, Janette and Sutton, Kathy G and Baillie, David L and Stea, Anthony and Snutch, Terrance P},
  date-added = {2015-06-11 08:13:28 +0000},
  date-modified = {2015-06-11 14:39:12 +0000},
  doi = {10.1074/jbc.M008215200},
  journal = {J Biol Chem},
  month = {Nov},
  number = {6},
  pages = {3999--4011},
  title = {{Molecular and Functional Characterization of a Family of Rat Brain T-type Calcium Channels}},
  volume = {276},
  year = {2001},
  bdsk-file-1 = {YnBsaXN0MDDUAQIDBAUGJCVYJHZlcnNpb25YJG9iamVjdHNZJGFyY2hpdmVyVCR0b3ASAAGGoKgHCBMUFRYaIVUkbnVsbNMJCgsMDxJXTlMua2V5c1pOUy5vYmplY3RzViRjbGFzc6INDoACgAOiEBGABIAFgAdccmVsYXRpdmVQYXRoWWFsaWFzRGF0YV8QQC4uLy4uLy4uLy4uLy4uLy4uLy4uL0dvb2dsZSBEcml2ZS9QYXBlcnMvMjAwMC9NL01jUm9yeTIwMDBhYS5wZGbSFwsYGVdOUy5kYXRhTxEBsAAAAAABsAACAAAMTWFjaW50b3NoIEhEAAAAAAAAAAAAAAAAAAAA0Gbxs0grAAAAR7RMEE1jUm9yeTIwMDBhYS5wZGYAAAAAAAAAAAAAAAAAAAAAAAAAAAAAAAAAAAAAAAAAAAAAAAAAAAAAAAAAAAAAAAFqEi3Rn3GdAAAAAAAAAAAABwAFAAAJIAAAAAAAAAAAAAAAAAAAAAFNAAAQAAgAANBmcyMAAAARAAgAANGe8w0AAAABABgAR7RMAEez8gBHs78AR7M6ABDjngAQ44UAAgBLTWFjaW50b3NoIEhEOlVzZXJzOgB3YWx0b246AEdvb2dsZSBEcml2ZToAUGFwZXJzOgAyMDAwOgBNOgBNY1JvcnkyMDAwYWEucGRmAAAOACIAEABNAGMAUgBvAHIAeQAyADAAMAAwAGEAYQAuAHAAZABmAA8AGgAMAE0AYQBjAGkAbgB0AG8AcwBoACAASABEABIAOFVzZXJzL3dhbHRvbi9Hb29nbGUgRHJpdmUvUGFwZXJzLzIwMDAvTS9NY1JvcnkyMDAwYWEucGRmABMAAS8AABUAAgAN//8AAIAG0hscHR5aJGNsYXNzbmFtZVgkY2xhc3Nlc11OU011dGFibGVEYXRhox0fIFZOU0RhdGFYTlNPYmplY3TSGxwiI1xOU0RpY3Rpb25hcnmiIiBfEA9OU0tleWVkQXJjaGl2ZXLRJidUcm9vdIABAAgAEQAaACMALQAyADcAQABGAE0AVQBgAGcAagBsAG4AcQBzAHUAdwCEAI4A0QDWAN4CkgKUApkCpAKtArsCvwLGAs8C1ALhAuQC9gL5Av4AAAAAAAACAQAAAAAAAAAoAAAAAAAAAAAAAAAAAAADAA==},
  bdsk-url-1 = {http://dx.doi.org/10.1074/jbc.m008215200},
}


@article{klockner:1999aa,
  author = {Kl{\"o}ckner, Udo and Lee, Jung-Ha and Cribbs, Leanne L and Daud, Asif and Hescheler, J{\"u}rgen and Pereverzev, Alexei and Perez-Reyes, Edward and Schneider, Toni},
  date-added = {2015-06-11 08:10:13 +0000},
  date-modified = {2015-06-11 14:38:50 +0000},
  journal = {Euro J Neurosci},
  number = {12},
  pages = {4171--4178},
  publisher = {Wiley Online Library},
  title = {{Comparison of the Ca2+ currents induced by expression of three cloned $\alpha$1 subunits, $\alpha$1G, $\alpha$1H and $\alpha$1I, of low-voltage-activated T-type Ca2+ channels}},
  volume = {11},
  year = {1999},
  bdsk-file-1 = {YnBsaXN0MDDUAQIDBAUGJCVYJHZlcnNpb25YJG9iamVjdHNZJGFyY2hpdmVyVCR0b3ASAAGGoKgHCBMUFRYaIVUkbnVsbNMJCgsMDxJXTlMua2V5c1pOUy5vYmplY3RzViRjbGFzc6INDoACgAOiEBGABIAFgAdccmVsYXRpdmVQYXRoWWFsaWFzRGF0YW8QQwAuAC4ALwAuAC4ALwAuAC4ALwAuAC4ALwAuAC4ALwAuAC4ALwAuAC4ALwBHAG8AbwBnAGwAZQAgAEQAcgBpAHYAZQAvAFAAYQBwAGUAcgBzAC8AMQA5ADkAOQAvAEsALwBLAGwAbwMIAGMAawBuAGUAcgAxADkAOQA5AGEAYQAuAHAAZABm0hcLGBlXTlMuZGF0YU8RAbwAAAAAAbwAAgAADE1hY2ludG9zaCBIRAAAAAAAAAAAAAAAAAAAANBm8bNIKwAAAEe3KRJLbJpja25lcjE5OTlhYS5wZGYAAAAAAAAAAAAAAAAAAAAAAAAAAAAAAAAAAAAAAAAAAAAAAAAAAAAAAAAAAAABahGJz5xpFwAAAAAAAAAAAAcABQAACSAAAAAAAAAAAAAAAAAAAAABSwAAEAAIAADQZnMjAAAAEQAIAADPm+qHAAAAAQAYAEe3KQBHs/kAR7O/AEezOgAQ454AEOOFAAIATU1hY2ludG9zaCBIRDpVc2VyczoAd2FsdG9uOgBHb29nbGUgRHJpdmU6AFBhcGVyczoAMTk5OToASzoAS2yaY2tuZXIxOTk5YWEucGRmAAAOACgAEwBLAGwAbwMIAGMAawBuAGUAcgAxADkAOQA5AGEAYQAuAHAAZABmAA8AGgAMAE0AYQBjAGkAbgB0AG8AcwBoACAASABEABIAPFVzZXJzL3dhbHRvbi9Hb29nbGUgRHJpdmUvUGFwZXJzLzE5OTkvSy9LbG/MiGNrbmVyMTk5OWFhLnBkZgATAAEvAAAVAAIADf//AACABtIbHB0eWiRjbGFzc25hbWVYJGNsYXNzZXNdTlNNdXRhYmxlRGF0YaMdHyBWTlNEYXRhWE5TT2JqZWN00hscIiNcTlNEaWN0aW9uYXJ5oiIgXxAPTlNLZXllZEFyY2hpdmVy0SYnVHJvb3SAAQAIABEAGgAjAC0AMgA3AEAARgBNAFUAYABnAGoAbABuAHEAcwB1AHcAhACOARcBHAEkAuQC5gLrAvYC/wMNAxEDGAMhAyYDMwM2A0gDSwNQAAAAAAAAAgEAAAAAAAAAKAAAAAAAAAAAAAAAAAAAA1I=},
}


@article{lee:1999aa,
  author = {Lee, Jung-Ha and Daud, Asif N and Cribbs, Leanne L and Lacerda, Antonio E and Pereverzev, Alexei and Kl{\"o}ckner, Udo and Schneider, Toni and Perez-Reyes, Edward},
  date-added = {2015-06-11 08:02:15 +0000},
  date-modified = {2015-06-11 08:02:26 +0000},
  journal = {J Neurosci},
  number = {6},
  pages = {1912--1921},
  publisher = {Soc Neuroscience},
  title = {{Cloning and expression of a novel member of the low voltage-activated T-type calcium channel family}},
  volume = {19},
  year = {1999},
  bdsk-file-1 = {YnBsaXN0MDDUAQIDBAUGJCVYJHZlcnNpb25YJG9iamVjdHNZJGFyY2hpdmVyVCR0b3ASAAGGoKgHCBMUFRYaIVUkbnVsbNMJCgsMDxJXTlMua2V5c1pOUy5vYmplY3RzViRjbGFzc6INDoACgAOiEBGABIAFgAdccmVsYXRpdmVQYXRoWWFsaWFzRGF0YV8QPS4uLy4uLy4uLy4uLy4uLy4uLy4uL0dvb2dsZSBEcml2ZS9QYXBlcnMvMTk5OS9ML0xlZTE5OTlhYS5wZGbSFwsYGVdOUy5kYXRhTxEBpAAAAAABpAACAAAMTWFjaW50b3NoIEhEAAAAAAAAAAAAAAAAAAAA0Gbxs0grAAAAR7WRDUxlZTE5OTlhYS5wZGYAAAAAAAAAAAAAAAAAAAAAAAAAAAAAAAAAAAAAAAAAAAAAAAAAAAAAAAAAAAAAAAAAAAFqDxSy+iH6AAAAAAAAAAAABwAFAAAJIAAAAAAAAAAAAAAAAAAAAAFMAAAQAAgAANBmcyMAAAARAAgAALL5o2oAAAABABgAR7WRAEez+QBHs78AR7M6ABDjngAQ44UAAgBITWFjaW50b3NoIEhEOlVzZXJzOgB3YWx0b246AEdvb2dsZSBEcml2ZToAUGFwZXJzOgAxOTk5OgBMOgBMZWUxOTk5YWEucGRmAA4AHAANAEwAZQBlADEAOQA5ADkAYQBhAC4AcABkAGYADwAaAAwATQBhAGMAaQBuAHQAbwBzAGgAIABIAEQAEgA1VXNlcnMvd2FsdG9uL0dvb2dsZSBEcml2ZS9QYXBlcnMvMTk5OS9ML0xlZTE5OTlhYS5wZGYAABMAAS8AABUAAgAN//8AAIAG0hscHR5aJGNsYXNzbmFtZVgkY2xhc3Nlc11OU011dGFibGVEYXRhox0fIFZOU0RhdGFYTlNPYmplY3TSGxwiI1xOU0RpY3Rpb25hcnmiIiBfEA9OU0tleWVkQXJjaGl2ZXLRJidUcm9vdIABAAgAEQAaACMALQAyADcAQABGAE0AVQBgAGcAagBsAG4AcQBzAHUAdwCEAI4AzgDTANsCgwKFAooClQKeAqwCsAK3AsACxQLSAtUC5wLqAu8AAAAAAAACAQAAAAAAAAAoAAAAAAAAAAAAAAAAAAAC8Q==},
  bdsk-url-1 = {http://www.jneurosci.org/content/19/6/1912.long},
}


@article{Cribbs:1998vc,
  affiliation = {Department of Physiology, Cardiovascular Institute, Loyola University Medical Center, Maywood, Ill 60153, USA. lcribbs@luc.edu},
  author = {Cribbs, L L and Lee, J H and Yang, J and Satin, J and Zhang, Y and Daud, A and Barclay, J and Williamson, M P and Fox, M and Rees, M and Perez-Reyes, E},
  date-added = {2015-06-11 07:52:04 +0000},
  date-modified = {2015-06-11 07:52:45 +0000},
  doi = {10.1161/01.RES.83.1.103},
  file = {{Cribbs1998vc.pdf:/Users/walton/Google Drive/Papers/1998/C/Cribbs1998vc.pdf:application/pdf}},
  journal = {Circulation Research},
  language = {English},
  month = {jul},
  number = {1},
  pages = {103--109},
  pmid = {9670923},
  rating = {0},
  title = {{Cloning and characterization of alpha1H from human heart, a member of the T-type Ca2+ channel gene family.}},
  volume = {83},
  year = {1998},
  abstract = {Voltage-activated Ca2+ channels exist as multigene families that share common structural features. Different Ca2+ channels are distinguished by their electrophysiology and pharmacology and can be classified as either low or high voltage-activated channels. Six alpha1 subunit genes cloned previously code for high voltage-activated Ca2+ channels; therefore, we have used a database search strategy to identify new Ca2+ channel genes, possibly including low voltage-activated (T-type) channels. A novel expressed sequence-tagged cDNA clone of alpha1G was used to screen a cDNA library, and in the present study, we report the cloning of alpha1H (or CavT.2), a low voltage-activated Ca2+ channel from human heart. Northern blots of human mRNA detected more alpha1H expression in peripheral tissues, such as kidney and heart, than in brain. We mapped the gene, CACNA1H, to human chromosome 16p13.3 and mouse chromosome 17. Expression of alpha1H in HEK-293 cells resulted in Ca2+ channel currents displaying voltage dependence, kinetics, and unitary conductance characteristic of native T-type Ca2+ channels. The alpha1H channel is sensitive to mibefradil, a nondihydropyridine Ca2+ channel blocker, with an IC50 of 1.4 micromol/L, consistent with the reported potency of mibefradil for T-type Ca2+ channels. Together with alpha1G, a rat brain T-type Ca2+ channel also cloned in our laboratory, these genes define a unique family of Ca2+ channels.},
  bdsk-file-1 = {YnBsaXN0MDDUAQIDBAUGJCVYJHZlcnNpb25YJG9iamVjdHNZJGFyY2hpdmVyVCR0b3ASAAGGoKgHCBMUFRYaIVUkbnVsbNMJCgsMDxJXTlMua2V5c1pOUy5vYmplY3RzViRjbGFzc6INDoACgAOiEBGABIAFgAdccmVsYXRpdmVQYXRoWWFsaWFzRGF0YV8QQC4uLy4uLy4uLy4uLy4uLy4uLy4uL0dvb2dsZSBEcml2ZS9QYXBlcnMvMTk5OC9DL0NyaWJiczE5OTh2Yy5wZGbSFwsYGVdOUy5kYXRhTxEBsAAAAAABsAACAAAMTWFjaW50b3NoIEhEAAAAAAAAAAAAAAAAAAAA0Gbxs0grAAAAR7ajEENyaWJiczE5OTh2Yy5wZGYAAAAAAAAAAAAAAAAAAAAAAAAAAAAAAAAAAAAAAAAAAAAAAAAAAAAAAAAAAAAAAABH4tbPcue5AAAAAAAAAAAABwAFAAAJIAAAAAAAAAAAAAAAAAAAAAFDAAAQAAgAANBmcyMAAAARAAgAAM9yaSkAAAABABgAR7ajAEez2QBHs78AR7M6ABDjngAQ44UAAgBLTWFjaW50b3NoIEhEOlVzZXJzOgB3YWx0b246AEdvb2dsZSBEcml2ZToAUGFwZXJzOgAxOTk4OgBDOgBDcmliYnMxOTk4dmMucGRmAAAOACIAEABDAHIAaQBiAGIAcwAxADkAOQA4AHYAYwAuAHAAZABmAA8AGgAMAE0AYQBjAGkAbgB0AG8AcwBoACAASABEABIAOFVzZXJzL3dhbHRvbi9Hb29nbGUgRHJpdmUvUGFwZXJzLzE5OTgvQy9DcmliYnMxOTk4dmMucGRmABMAAS8AABUAAgAN//8AAIAG0hscHR5aJGNsYXNzbmFtZVgkY2xhc3Nlc11OU011dGFibGVEYXRhox0fIFZOU0RhdGFYTlNPYmplY3TSGxwiI1xOU0RpY3Rpb25hcnmiIiBfEA9OU0tleWVkQXJjaGl2ZXLRJidUcm9vdIABAAgAEQAaACMALQAyADcAQABGAE0AVQBgAGcAagBsAG4AcQBzAHUAdwCEAI4A0QDWAN4CkgKUApkCpAKtArsCvwLGAs8C1ALhAuQC9gL5Av4AAAAAAAACAQAAAAAAAAAoAAAAAAAAAAAAAAAAAAADAA==},
  bdsk-url-1 = {http://eutils.ncbi.nlm.nih.gov/entrez/eutils/elink.fcgi?dbfrom=pubmed&id=9670923&retmode=ref&cmd=prlinks},
}


@article{PerezReyes:1998gn,
  affiliation = {Department of Physiology, and Cardiovascular Institute, Loyola University Medical Center, Maywood, Illinois 60153, USA. eperez@luc.edu},
  author = {Perez-Reyes, E and Cribbs, L L and Daud, A and Lacerda, A E and Barclay, J and Williamson, M P and Fox, M and Rees, M and Lee, J H},
  date-added = {2015-06-11 07:49:43 +0000},
  date-modified = {2015-06-11 07:49:43 +0000},
  doi = {10.1038/36110},
  file = {{PerezReyes1998gn.pdf:/Users/walton/Google Drive/Papers/1998/P/PerezReyes1998gn.pdf:application/pdf}},
  journal = {Nature},
  language = {English},
  month = {feb},
  number = {6670},
  pages = {896--900},
  pmid = {9495342},
  rating = {0},
  title = {{Molecular characterization of a neuronal low-voltage-activated T-type calcium channel.}},
  volume = {391},
  year = {1998},
  abstract = {The molecular diversity of voltage-activated calcium channels was established by studies showing that channels could be distinguished by their voltage-dependence, deactivation and single-channel conductance. Low-voltage-activated channels are called 'T' type because their currents are both transient (owing to fast inactivation) and tiny (owing to small conductance). T-type channels are thought to be involved in pacemaker activity, low-threshold calcium spikes, neuronal oscillations and resonance, and rebound burst firing. Here we report the identification of a neuronal T-type channel. Our cloning strategy began with an analysis of Genbank sequences defined as sharing homology with calcium channels. We sequenced an expressed sequence tag (EST), then used it to clone a full-length complementary DNA from rat brain. Northern blot analysis indicated that this gene is expressed predominantly in brain, in particular the amygdala, cerebellum and thalamus. We mapped the human gene to chromosome 17q22, and the mouse gene to chromosome 11. Functional expression of the channel was measured in Xenopus oocytes. Based on the channel's distinctive voltage dependence, slow deactivation kinetics, and 7.5-pS single-channel conductance, we conclude that this channel is a low-voltage-activated T-type calcium channel.},
  bdsk-file-1 = {YnBsaXN0MDDUAQIDBAUGJCVYJHZlcnNpb25YJG9iamVjdHNZJGFyY2hpdmVyVCR0b3ASAAGGoKgHCBMUFRYaIVUkbnVsbNMJCgsMDxJXTlMua2V5c1pOUy5vYmplY3RzViRjbGFzc6INDoACgAOiEBGABIAFgAdccmVsYXRpdmVQYXRoWWFsaWFzRGF0YV8QRC4uLy4uLy4uLy4uLy4uLy4uLy4uL0dvb2dsZSBEcml2ZS9QYXBlcnMvMTk5OC9QL1BlcmV6UmV5ZXMxOTk4Z24ucGRm0hcLGBlXTlMuZGF0YU8RAcAAAAAAAcAAAgAADE1hY2ludG9zaCBIRAAAAAAAAAAAAAAAAAAAANBm8bNIKwAAAEe2bhRQZXJlelJleWVzMTk5OGduLnBkZgAAAAAAAAAAAAAAAAAAAAAAAAAAAAAAAAAAAAAAAAAAAAAAAAAAAAAAAAAAR+RwwdrXjQAAAAAAAAAAAAcABQAACSAAAAAAAAAAAAAAAAAAAAABUAAAEAAIAADQZnMjAAAAEQAIAADB2lj9AAAAAQAYAEe2bgBHs9kAR7O/AEezOgAQ454AEOOFAAIAT01hY2ludG9zaCBIRDpVc2VyczoAd2FsdG9uOgBHb29nbGUgRHJpdmU6AFBhcGVyczoAMTk5ODoAUDoAUGVyZXpSZXllczE5OThnbi5wZGYAAA4AKgAUAFAAZQByAGUAegBSAGUAeQBlAHMAMQA5ADkAOABnAG4ALgBwAGQAZgAPABoADABNAGEAYwBpAG4AdABvAHMAaAAgAEgARAASADxVc2Vycy93YWx0b24vR29vZ2xlIERyaXZlL1BhcGVycy8xOTk4L1AvUGVyZXpSZXllczE5OThnbi5wZGYAEwABLwAAFQACAA3//wAAgAbSGxwdHlokY2xhc3NuYW1lWCRjbGFzc2VzXU5TTXV0YWJsZURhdGGjHR8gVk5TRGF0YVhOU09iamVjdNIbHCIjXE5TRGljdGlvbmFyeaIiIF8QD05TS2V5ZWRBcmNoaXZlctEmJ1Ryb290gAEACAARABoAIwAtADIANwBAAEYATQBVAGAAZwBqAGwAbgBxAHMAdQB3AIQAjgDVANoA4gKmAqgCrQK4AsECzwLTAtoC4wLoAvUC+AMKAw0DEgAAAAAAAAIBAAAAAAAAACgAAAAAAAAAAAAAAAAAAAMU},
  bdsk-url-1 = {http://eutils.ncbi.nlm.nih.gov/entrez/eutils/elink.fcgi?dbfrom=pubmed&id=9495342&retmode=ref&cmd=prlinks},
  bdsk-url-2 = {http://dx.doi.org/10.1038/36110},
}


@article{Ryglewski:2012jk,
  affiliation = {School of Life Sciences, Arizona State University, Tempe, AZ 85287, USA. stefanie.ryglewski@asu.edu},
  author = {Ryglewski, Stefanie and Lance, Kimberly and Levine, Richard B and Duch, Carsten},
  date-added = {2015-06-11 07:47:52 +0000},
  date-modified = {2015-06-11 07:48:18 +0000},
  doi = {10.1113/jphysiol.2011.222836},
  file = {{Ryglewski2012jk.pdf:/Users/walton/Google Drive/Papers/2012/R/Ryglewski2012jk.pdf:application/pdf}},
  journal = {J Physiol},
  language = {English},
  month = {feb},
  number = {Pt 4},
  pages = {809--825},
  pmid = {22183725},
  rating = {0},
  read = {Yes},
  title = {{Ca(v)2 channels mediate low and high voltage-activated calcium currents in Drosophila motoneurons.}},
  volume = {590},
  year = {2012},
  abstract = {Different blends of membrane currents underlie distinct functions of neurons in the brain. A major step towards understanding neuronal function, therefore, is to identify the genes that encode different ionic currents. This study combined in situ patch clamp recordings of somatodendritic calcium currents in an identified adult Drosophila motoneuron with targeted genetic manipulation. Voltage clamp recordings revealed transient low voltage-activated (LVA) currents with activation between --60 mV and --70 mV as well as high voltage-activated (HVA) current with an activation voltage around --30 mV. LVA could be fully inactivated by prepulses to --50 mV and was partially amiloride sensitive. Recordings from newly generated mutant flies demonstrated that Dm$\alpha$G (Ca(v)3 homolog) encoded the amiloride-sensitive portion of the transient LVA calcium current. We further demonstrated that the Ca(v)2 homolog, Dmca1A, mediated the amiloride-insensitive component of LVA current. This novel role of Ca(v)2 channels was substantiated by patch clamp recordings from conditional mutants, RNAi knock-downs, and following Dmca1A overexpression. In addition, we show that Dmca1A underlies the HVA somatodendritic calcium currents in vivo. Therefore, the Drosophila Ca(v)2 homolog, Dmca1A, underlies HVA and LVA somatodendritic calcium currents in the same neuron. Interestingly, Dm$\alpha$G is required for regulating LVA and HVA derived from Dmca1A in vivo. In summary, each vertebrate gene family for voltage-gated calcium channels is represented by a single gene in Drosophila, namely Dmca1D (Ca(v)1), Dmca1A (Ca(v)2) and Dm$\alpha$G (Ca(v)3), but the commonly held view that LVA calcium currents are usually mediated by Ca(v)3 rather than Ca(v)2 channels may require reconsideration.},
  annote = {2012-06-18 Kyunghwa (JC)},
  bdsk-file-1 = {YnBsaXN0MDDUAQIDBAUGJCVYJHZlcnNpb25YJG9iamVjdHNZJGFyY2hpdmVyVCR0b3ASAAGGoKgHCBMUFRYaIVUkbnVsbNMJCgsMDxJXTlMua2V5c1pOUy5vYmplY3RzViRjbGFzc6INDoACgAOiEBGABIAFgAdccmVsYXRpdmVQYXRoWWFsaWFzRGF0YV8QQy4uLy4uLy4uLy4uLy4uLy4uLy4uL0dvb2dsZSBEcml2ZS9QYXBlcnMvMjAxMi9SL1J5Z2xld3NraTIwMTJqay5wZGbSFwsYGVdOUy5kYXRhTxEBvAAAAAABvAACAAAMTWFjaW50b3NoIEhEAAAAAAAAAAAAAAAAAAAA0Gbxs0grAAAAR7SkE1J5Z2xld3NraTIwMTJqay5wZGYAAAAAAAAAAAAAAAAAAAAAAAAAAAAAAAAAAAAAAAAAAAAAAAAAAAAAAAAAAABH1i7PfahPAAAAAAAAAAAABwAFAAAJIAAAAAAAAAAAAAAAAAAAAAFSAAAQAAgAANBmcyMAAAARAAgAAM99Kb8AAAABABgAR7SkAEe0AQBHs78AR7M6ABDjngAQ44UAAgBOTWFjaW50b3NoIEhEOlVzZXJzOgB3YWx0b246AEdvb2dsZSBEcml2ZToAUGFwZXJzOgAyMDEyOgBSOgBSeWdsZXdza2kyMDEyamsucGRmAA4AKAATAFIAeQBnAGwAZQB3AHMAawBpADIAMAAxADIAagBrAC4AcABkAGYADwAaAAwATQBhAGMAaQBuAHQAbwBzAGgAIABIAEQAEgA7VXNlcnMvd2FsdG9uL0dvb2dsZSBEcml2ZS9QYXBlcnMvMjAxMi9SL1J5Z2xld3NraTIwMTJqay5wZGYAABMAAS8AABUAAgAN//8AAIAG0hscHR5aJGNsYXNzbmFtZVgkY2xhc3Nlc11OU011dGFibGVEYXRhox0fIFZOU0RhdGFYTlNPYmplY3TSGxwiI1xOU0RpY3Rpb25hcnmiIiBfEA9OU0tleWVkQXJjaGl2ZXLRJidUcm9vdIABAAgAEQAaACMALQAyADcAQABGAE0AVQBgAGcAagBsAG4AcQBzAHUAdwCEAI4A1ADZAOECoQKjAqgCswK8AsoCzgLVAt4C4wLwAvMDBQMIAw0AAAAAAAACAQAAAAAAAAAoAAAAAAAAAAAAAAAAAAADDw==},
  bdsk-url-1 = {http://eutils.ncbi.nlm.nih.gov/entrez/eutils/elink.fcgi?dbfrom=pubmed&id=22183725&retmode=ref&cmd=prlinks},
  bdsk-url-2 = {http://dx.doi.org/10.1113/jphysiol.2011.222836},
}


@article{Lee:2004ey,
  affiliation = {Center for Calcium and Learning, Division of Life Sciences, Korea Institute of Science and Technology, Seoul 136-791, Korea.},
  author = {Lee, Jungryun and Kim, Daesoo and Shin, Hee-Sup},
  date-added = {2015-06-11 07:46:03 +0000},
  date-modified = {2015-06-11 07:46:03 +0000},
  doi = {10.1073/pnas.0408089101},
  file = {{Lee2004ey.pdf:/Users/walton/Google Drive/Papers/2004/L/Lee2004ey.pdf:application/pdf}},
  journal = {PNAS},
  language = {English},
  month = {dec},
  number = {52},
  pages = {18195--18199},
  pmid = {15601764},
  rating = {0},
  title = {{Lack of delta waves and sleep disturbances during non-rapid eye movement sleep in mice lacking alpha1G-subunit of T-type calcium channels.}},
  volume = {101},
  year = {2004},
  abstract = {T-type calcium channels have been implicated as a pacemaker for brain rhythms during sleep but their contribution to behavioral states of sleep has been relatively uncertain. Here, we found that mice lacking alpha1(G) T-type Ca(2+) channels showed a loss of the thalamic delta (1-4 Hz) waves and a reduction of sleep spindles (7-14 Hz), whereas slow (<1 Hz) rhythms were relatively intact, when compared with the wild-type during urethane anesthesia and non-rapid eye movement (NREM) sleep. Analysis of sleep disturbances, as defined by the occurrence of brief awakening (BA) episodes during NREM sleep, revealed that mutant mice exhibited a higher incidence of BAs of >16 sec compared with the wild-type, whereas no difference was seen in BAs of <16 sec between the two genotypes. These results are consistent with the previous idea of the distinct nature of delta oscillations and sleep spindles from cortically generated slow waves. These results also suggest that the alpha1(G)-subunit of T-type calcium channels plays a critical role in the genesis of thalamocortical oscillations and contributes to the modulation of sleep states and the transition between NREM sleep and wake states.},
  bdsk-file-1 = {YnBsaXN0MDDUAQIDBAUGJCVYJHZlcnNpb25YJG9iamVjdHNZJGFyY2hpdmVyVCR0b3ASAAGGoKgHCBMUFRYaIVUkbnVsbNMJCgsMDxJXTlMua2V5c1pOUy5vYmplY3RzViRjbGFzc6INDoACgAOiEBGABIAFgAdccmVsYXRpdmVQYXRoWWFsaWFzRGF0YV8QPS4uLy4uLy4uLy4uLy4uLy4uLy4uL0dvb2dsZSBEcml2ZS9QYXBlcnMvMjAwNC9ML0xlZTIwMDRleS5wZGbSFwsYGVdOUy5kYXRhTxEBpAAAAAABpAACAAAMTWFjaW50b3NoIEhEAAAAAAAAAAAAAAAAAAAA0Gbxs0grAAAAR7WVDUxlZTIwMDRleS5wZGYAAAAAAAAAAAAAAAAAAAAAAAAAAAAAAAAAAAAAAAAAAAAAAAAAAAAAAAAAAAAAAAAAAABH8YvPdg7RAAAAAAAAAAAABwAFAAAJIAAAAAAAAAAAAAAAAAAAAAFMAAAQAAgAANBmcyMAAAARAAgAAM91kEEAAAABABgAR7WVAEez2wBHs78AR7M6ABDjngAQ44UAAgBITWFjaW50b3NoIEhEOlVzZXJzOgB3YWx0b246AEdvb2dsZSBEcml2ZToAUGFwZXJzOgAyMDA0OgBMOgBMZWUyMDA0ZXkucGRmAA4AHAANAEwAZQBlADIAMAAwADQAZQB5AC4AcABkAGYADwAaAAwATQBhAGMAaQBuAHQAbwBzAGgAIABIAEQAEgA1VXNlcnMvd2FsdG9uL0dvb2dsZSBEcml2ZS9QYXBlcnMvMjAwNC9ML0xlZTIwMDRleS5wZGYAABMAAS8AABUAAgAN//8AAIAG0hscHR5aJGNsYXNzbmFtZVgkY2xhc3Nlc11OU011dGFibGVEYXRhox0fIFZOU0RhdGFYTlNPYmplY3TSGxwiI1xOU0RpY3Rpb25hcnmiIiBfEA9OU0tleWVkQXJjaGl2ZXLRJidUcm9vdIABAAgAEQAaACMALQAyADcAQABGAE0AVQBgAGcAagBsAG4AcQBzAHUAdwCEAI4AzgDTANsCgwKFAooClQKeAqwCsAK3AsACxQLSAtUC5wLqAu8AAAAAAAACAQAAAAAAAAAoAAAAAAAAAAAAAAAAAAAC8Q==},
  bdsk-url-1 = {http://eutils.ncbi.nlm.nih.gov/entrez/eutils/elink.fcgi?dbfrom=pubmed&id=15601764&retmode=ref&cmd=prlinks},
  bdsk-url-2 = {http://dx.doi.org/10.1073/pnas.0408089101},
}


@article{matteson:1986aa,
  author = {Matteson, DR and Armstrong, CM},
  authors = {Matteson, DR and Armstrong, CM},
  date = {1986 Jan},
  date-modified = {2015-07-20 01:29:07 +0000},
  doi = {10.1085/jgp.87.1.161},
  journal = {J Gen Physiol},
  month = {Jan},
  pages = {161-82},
  pubmed_id = {2419479},
  source = {J Gen Physiol},
  title = {{Properties of two types of calcium channels in clonal pituitary cells.}},
  volume = {87},
  year = {1986},
  bdsk-file-1 = {YnBsaXN0MDDUAQIDBAUGJCVYJHZlcnNpb25YJG9iamVjdHNZJGFyY2hpdmVyVCR0b3ASAAGGoKgHCBMUFRYaIVUkbnVsbNMJCgsMDxJXTlMua2V5c1pOUy5vYmplY3RzViRjbGFzc6INDoACgAOiEBGABIAFgAdccmVsYXRpdmVQYXRoWWFsaWFzRGF0YV8QQi4uLy4uLy4uLy4uLy4uLy4uLy4uL0dvb2dsZSBEcml2ZS9QYXBlcnMvMTk4Ni9NL01hdHRlc29uMTk4NmFhLnBkZtIXCxgZV05TLmRhdGFPEQG4AAAAAAG4AAIAAAxNYWNpbnRvc2ggSEQAAAAAAAAAAAAAAAAAAADQZvGzSCsAAAGE6TcSTWF0dGVzb24xOTg2YWEucGRmAAAAAAAAAAAAAAAAAAAAAAAAAAAAAAAAAAAAAAAAAAAAAAAAAAAAAAAAAAAAAYToqdHSfaUAAAAAAAAAAAAHAAUAAAkgAAAAAAAAAAAAAAAAAAAAAU0AABAACAAA0GZzIwAAABEACAAA0dH/FQAAAAEAGAGE6TcAR7PpAEezvwBHszoAEOOeABDjhQACAE1NYWNpbnRvc2ggSEQ6VXNlcnM6AHdhbHRvbjoAR29vZ2xlIERyaXZlOgBQYXBlcnM6ADE5ODY6AE06AE1hdHRlc29uMTk4NmFhLnBkZgAADgAmABIATQBhAHQAdABlAHMAbwBuADEAOQA4ADYAYQBhAC4AcABkAGYADwAaAAwATQBhAGMAaQBuAHQAbwBzAGgAIABIAEQAEgA6VXNlcnMvd2FsdG9uL0dvb2dsZSBEcml2ZS9QYXBlcnMvMTk4Ni9NL01hdHRlc29uMTk4NmFhLnBkZgATAAEvAAAVAAIADf//AACABtIbHB0eWiRjbGFzc25hbWVYJGNsYXNzZXNdTlNNdXRhYmxlRGF0YaMdHyBWTlNEYXRhWE5TT2JqZWN00hscIiNcTlNEaWN0aW9uYXJ5oiIgXxAPTlNLZXllZEFyY2hpdmVy0SYnVHJvb3SAAQAIABEAGgAjAC0AMgA3AEAARgBNAFUAYABnAGoAbABuAHEAcwB1AHcAhACOANMA2ADgApwCngKjAq4CtwLFAskC0ALZAt4C6wLuAwADAwMIAAAAAAAAAgEAAAAAAAAAKAAAAAAAAAAAAAAAAAAAAwo=},
}


@article{park:2004aa,
  author = {Park, JY and Kang, HW and Jeong, SW and Lee, JH},
  authors = {Park, JY and Kang, HW and Jeong, SW and Lee, JH},
  date = {2004 May 21},
  date-modified = {2015-07-20 01:45:27 +0000},
  doi = {10.1074/jbc.M400684200},
  journal = {J Biol Chem},
  month = {May},
  pages = {21707-13},
  pubmed_id = {15016809},
  source = {J Biol Chem},
  title = {{Multiple structural elements contribute to the slow kinetics of the Cav3.3 T-type channel.}},
  volume = {279},
  year = {2004},
  bdsk-file-1 = {YnBsaXN0MDDUAQIDBAUGJCVYJHZlcnNpb25YJG9iamVjdHNZJGFyY2hpdmVyVCR0b3ASAAGGoKgHCBMUFRYaIVUkbnVsbNMJCgsMDxJXTlMua2V5c1pOUy5vYmplY3RzViRjbGFzc6INDoACgAOiEBGABIAFgAdccmVsYXRpdmVQYXRoWWFsaWFzRGF0YV8QPi4uLy4uLy4uLy4uLy4uLy4uLy4uL0dvb2dsZSBEcml2ZS9QYXBlcnMvMjAwNC9QL1BhcmsyMDA0YWEucGRm0hcLGBlXTlMuZGF0YU8RAagAAAAAAagAAgAADE1hY2ludG9zaCBIRAAAAAAAAAAAAAAAAAAAANBm8bNIKwAAAEe3Rg5QYXJrMjAwNGFhLnBkZgAAAAAAAAAAAAAAAAAAAAAAAAAAAAAAAAAAAAAAAAAAAAAAAAAAAAAAAAAAAAAAAAABhO610dKB1QAAAAAAAAAAAAcABQAACSAAAAAAAAAAAAAAAAAAAAABUAAAEAAIAADQZnMjAAAAEQAIAADR0gNFAAAAAQAYAEe3RgBHs9sAR7O/AEezOgAQ454AEOOFAAIASU1hY2ludG9zaCBIRDpVc2VyczoAd2FsdG9uOgBHb29nbGUgRHJpdmU6AFBhcGVyczoAMjAwNDoAUDoAUGFyazIwMDRhYS5wZGYAAA4AHgAOAFAAYQByAGsAMgAwADAANABhAGEALgBwAGQAZgAPABoADABNAGEAYwBpAG4AdABvAHMAaAAgAEgARAASADZVc2Vycy93YWx0b24vR29vZ2xlIERyaXZlL1BhcGVycy8yMDA0L1AvUGFyazIwMDRhYS5wZGYAEwABLwAAFQACAA3//wAAgAbSGxwdHlokY2xhc3NuYW1lWCRjbGFzc2VzXU5TTXV0YWJsZURhdGGjHR8gVk5TRGF0YVhOU09iamVjdNIbHCIjXE5TRGljdGlvbmFyeaIiIF8QD05TS2V5ZWRBcmNoaXZlctEmJ1Ryb290gAEACAARABoAIwAtADIANwBAAEYATQBVAGAAZwBqAGwAbgBxAHMAdQB3AIQAjgDPANQA3AKIAooCjwKaAqMCsQK1ArwCxQLKAtcC2gLsAu8C9AAAAAAAAAIBAAAAAAAAACgAAAAAAAAAAAAAAAAAAAL2},
}


@article{demers-giroux:2013aa,
  author = {Demers-Giroux, PO and Bourdin, B and Sauv{\'e}, R and Parent, L},
  authors = {Demers-Giroux, PO and Bourdin, B and Sauv{\'e}, R and Parent, L},
  date = {2013 Oct 11},
  date-modified = {2015-07-20 01:30:34 +0000},
  doi = {10.1074/jbc.M113.500975},
  journal = {J Biol Chem},
  month = {Oct},
  pages = {29281-93},
  pubmed_id = {23970551},
  source = {J Biol Chem},
  title = {{Cooperative activation of the T-type CaV3.2 channel: interaction between Domains II and III.}},
  volume = {288},
  year = {2013},
  bdsk-file-1 = {YnBsaXN0MDDUAQIDBAUGJCVYJHZlcnNpb25YJG9iamVjdHNZJGFyY2hpdmVyVCR0b3ASAAGGoKgHCBMUFRYaIVUkbnVsbNMJCgsMDxJXTlMua2V5c1pOUy5vYmplY3RzViRjbGFzc6INDoACgAOiEBGABIAFgAdccmVsYXRpdmVQYXRoWWFsaWFzRGF0YV8QRy4uLy4uLy4uLy4uLy4uLy4uLy4uL0dvb2dsZSBEcml2ZS9QYXBlcnMvMjAxMy9EL0RlbWVycy1HaXJvdXgyMDEzYWEucGRm0hcLGBlXTlMuZGF0YU8RAcwAAAAAAcwAAgAADE1hY2ludG9zaCBIRAAAAAAAAAAAAAAAAAAAANBm8bNIKwAAAEe2HBdEZW1lcnMtR2lyb3V4MjAxM2FhLnBkZgAAAAAAAAAAAAAAAAAAAAAAAAAAAAAAAAAAAAAAAAAAAAAAAAAAAAABhOnE0dJ+XAAAAAAAAAAAAAcABQAACSAAAAAAAAAAAAAAAAAAAAABRAAAEAAIAADQZnMjAAAAEQAIAADR0f/MAAAAAQAYAEe2HABHs/wAR7O/AEezOgAQ454AEOOFAAIAUk1hY2ludG9zaCBIRDpVc2VyczoAd2FsdG9uOgBHb29nbGUgRHJpdmU6AFBhcGVyczoAMjAxMzoARDoARGVtZXJzLUdpcm91eDIwMTNhYS5wZGYADgAwABcARABlAG0AZQByAHMALQBHAGkAcgBvAHUAeAAyADAAMQAzAGEAYQAuAHAAZABmAA8AGgAMAE0AYQBjAGkAbgB0AG8AcwBoACAASABEABIAP1VzZXJzL3dhbHRvbi9Hb29nbGUgRHJpdmUvUGFwZXJzLzIwMTMvRC9EZW1lcnMtR2lyb3V4MjAxM2FhLnBkZgAAEwABLwAAFQACAA3//wAAgAbSGxwdHlokY2xhc3NuYW1lWCRjbGFzc2VzXU5TTXV0YWJsZURhdGGjHR8gVk5TRGF0YVhOU09iamVjdNIbHCIjXE5TRGljdGlvbmFyeaIiIF8QD05TS2V5ZWRBcmNoaXZlctEmJ1Ryb290gAEACAARABoAIwAtADIANwBAAEYATQBVAGAAZwBqAGwAbgBxAHMAdQB3AIQAjgDYAN0A5QK1ArcCvALHAtAC3gLiAukC8gL3AwQDBwMZAxwDIQAAAAAAAAIBAAAAAAAAACgAAAAAAAAAAAAAAAAAAAMj},
}


@article{chemin:2002aa,
  author = {Chemin, J and Monteil, A and Perez-Reyes, E and Bourinet, E and Nargeot, J and Lory, P},
  authors = {Chemin, J and Monteil, A and Perez-Reyes, E and Bourinet, E and Nargeot, J and Lory, P},
  date = {2002 Apr 1},
  date-modified = {2015-07-20 01:33:38 +0000},
  doi = {10.1113/jphysiol.2001.013269},
  journal = {J Physiol},
  month = {Apr},
  pages = {3-14},
  pubmed_id = {11927664},
  source = {J Physiol},
  title = {{Specific contribution of human T-type calcium channel isotypes (alpha(1G), alpha(1H) and alpha(1I)) to neuronal excitability.}},
  volume = {540},
  year = {2002},
  bdsk-file-1 = {YnBsaXN0MDDUAQIDBAUGJCVYJHZlcnNpb25YJG9iamVjdHNZJGFyY2hpdmVyVCR0b3ASAAGGoKgHCBMUFRYaIVUkbnVsbNMJCgsMDxJXTlMua2V5c1pOUy5vYmplY3RzViRjbGFzc6INDoACgAOiEBGABIAFgAdccmVsYXRpdmVQYXRoWWFsaWFzRGF0YV8QQC4uLy4uLy4uLy4uLy4uLy4uLy4uL0dvb2dsZSBEcml2ZS9QYXBlcnMvMjAwMi9DL0NoZW1pbjIwMDJhYS5wZGbSFwsYGVdOUy5kYXRhTxEBsAAAAAABsAACAAAMTWFjaW50b3NoIEhEAAAAAAAAAAAAAAAAAAAA0Gbxs0grAAAAR7XvEENoZW1pbjIwMDJhYS5wZGYAAAAAAAAAAAAAAAAAAAAAAAAAAAAAAAAAAAAAAAAAAAAAAAAAAAAAAAAAAAAAAAGE6iXIarGgAAAAAAAAAAAABwAFAAAJIAAAAAAAAAAAAAAAAAAAAAFDAAAQAAgAANBmcyMAAAARAAgAAMhqMxAAAAABABgAR7XvAEezzgBHs78AR7M6ABDjngAQ44UAAgBLTWFjaW50b3NoIEhEOlVzZXJzOgB3YWx0b246AEdvb2dsZSBEcml2ZToAUGFwZXJzOgAyMDAyOgBDOgBDaGVtaW4yMDAyYWEucGRmAAAOACIAEABDAGgAZQBtAGkAbgAyADAAMAAyAGEAYQAuAHAAZABmAA8AGgAMAE0AYQBjAGkAbgB0AG8AcwBoACAASABEABIAOFVzZXJzL3dhbHRvbi9Hb29nbGUgRHJpdmUvUGFwZXJzLzIwMDIvQy9DaGVtaW4yMDAyYWEucGRmABMAAS8AABUAAgAN//8AAIAG0hscHR5aJGNsYXNzbmFtZVgkY2xhc3Nlc11OU011dGFibGVEYXRhox0fIFZOU0RhdGFYTlNPYmplY3TSGxwiI1xOU0RpY3Rpb25hcnmiIiBfEA9OU0tleWVkQXJjaGl2ZXLRJidUcm9vdIABAAgAEQAaACMALQAyADcAQABGAE0AVQBgAGcAagBsAG4AcQBzAHUAdwCEAI4A0QDWAN4CkgKUApkCpAKtArsCvwLGAs8C1ALhAuQC9gL5Av4AAAAAAAACAQAAAAAAAAAoAAAAAAAAAAAAAAAAAAADAA==},
}


@article{kang:2006aa,
  author = {Kang, HW and Park, JY and Jeong, SW and Kim, JA and Moon, HJ and Perez-Reyes, E and Lee, JH},
  authors = {Kang, HW and Park, JY and Jeong, SW and Kim, JA and Moon, HJ and Perez-Reyes, E and Lee, JH},
  date = {2006 Feb 24},
  date-modified = {2015-07-20 01:46:57 +0000},
  doi = {10.1074/jbc.M510197200},
  journal = {J Biol Chem},
  month = {Feb},
  pages = {4823-30},
  pubmed_id = {16377633},
  source = {J Biol Chem},
  title = {{A molecular determinant of nickel inhibition in Cav3.2 T-type calcium channels.}},
  volume = {281},
  year = {2006},
  bdsk-file-1 = {YnBsaXN0MDDUAQIDBAUGJCVYJHZlcnNpb25YJG9iamVjdHNZJGFyY2hpdmVyVCR0b3ASAAGGoKgHCBMUFRYaIVUkbnVsbNMJCgsMDxJXTlMua2V5c1pOUy5vYmplY3RzViRjbGFzc6INDoACgAOiEBGABIAFgAdccmVsYXRpdmVQYXRoWWFsaWFzRGF0YV8QPi4uLy4uLy4uLy4uLy4uLy4uLy4uL0dvb2dsZSBEcml2ZS9QYXBlcnMvMjAwNi9LL0thbmcyMDA2YWEucGRm0hcLGBlXTlMuZGF0YU8RAagAAAAAAagAAgAADE1hY2ludG9zaCBIRAAAAAAAAAAAAAAAAAAAANBm8bNIKwAAAEe3NQ5LYW5nMjAwNmFhLnBkZgAAAAAAAAAAAAAAAAAAAAAAAAAAAAAAAAAAAAAAAAAAAAAAAAAAAAAAAAAAAAAAAAABhO800dKCXQAAAAAAAAAAAAcABQAACSAAAAAAAAAAAAAAAAAAAAABSwAAEAAIAADQZnMjAAAAEQAIAADR0gPNAAAAAQAYAEe3NQBHs+IAR7O/AEezOgAQ454AEOOFAAIASU1hY2ludG9zaCBIRDpVc2VyczoAd2FsdG9uOgBHb29nbGUgRHJpdmU6AFBhcGVyczoAMjAwNjoASzoAS2FuZzIwMDZhYS5wZGYAAA4AHgAOAEsAYQBuAGcAMgAwADAANgBhAGEALgBwAGQAZgAPABoADABNAGEAYwBpAG4AdABvAHMAaAAgAEgARAASADZVc2Vycy93YWx0b24vR29vZ2xlIERyaXZlL1BhcGVycy8yMDA2L0svS2FuZzIwMDZhYS5wZGYAEwABLwAAFQACAA3//wAAgAbSGxwdHlokY2xhc3NuYW1lWCRjbGFzc2VzXU5TTXV0YWJsZURhdGGjHR8gVk5TRGF0YVhOU09iamVjdNIbHCIjXE5TRGljdGlvbmFyeaIiIF8QD05TS2V5ZWRBcmNoaXZlctEmJ1Ryb290gAEACAARABoAIwAtADIANwBAAEYATQBVAGAAZwBqAGwAbgBxAHMAdQB3AIQAjgDPANQA3AKIAooCjwKaAqMCsQK1ArwCxQLKAtcC2gLsAu8C9AAAAAAAAAIBAAAAAAAAACgAAAAAAAAAAAAAAAAAAAL2},
}


@article{pfeiffenberger:2010ab,
  author = {Pfeiffenberger, C and Lear, BC and Keegan, KP and Allada, R},
  authors = {Pfeiffenberger, C and Lear, BC and Keegan, KP and Allada, R},
  date = {2010 Nov 1},
  date-modified = {2015-07-20 01:39:55 +0000},
  doi = {10.1101/pdb.prot5520},
  journal = {Cold Spring Harb Protoc},
  month = {Nov},
  pages = {pdb.prot5520},
  pubmed_id = {21041393},
  source = {Cold Spring Harb Protoc},
  title = {{Processing sleep data created with the Drosophila Activity Monitoring (DAM) System.}},
  volume = {2010},
  year = {2010},
  bdsk-file-1 = {YnBsaXN0MDDUAQIDBAUGJCVYJHZlcnNpb25YJG9iamVjdHNZJGFyY2hpdmVyVCR0b3ASAAGGoKgHCBMUFRYaIVUkbnVsbNMJCgsMDxJXTlMua2V5c1pOUy5vYmplY3RzViRjbGFzc6INDoACgAOiEBGABIAFgAdccmVsYXRpdmVQYXRoWWFsaWFzRGF0YV8QSC4uLy4uLy4uLy4uLy4uLy4uLy4uL0dvb2dsZSBEcml2ZS9QYXBlcnMvMjAxMC9QL1BmZWlmZmVuYmVyZ2VyMjAxMGFiLnBkZtIXCxgZV05TLmRhdGFPEQHQAAAAAAHQAAIAAAxNYWNpbnRvc2ggSEQAAAAAAAAAAAAAAAAAAADQZvGzSCsAAABHtlgYUGZlaWZmZW5iZXJnZXIyMDEwYWIucGRmAAAAAAAAAAAAAAAAAAAAAAAAAAAAAAAAAAAAAAAAAAAAAAAAAAAAAYTtGNHSgJ4AAAAAAAAAAAAHAAUAAAkgAAAAAAAAAAAAAAAAAAAAAVAAABAACAAA0GZzIwAAABEACAAA0dICDgAAAAEAGABHtlgAR7PdAEezvwBHszoAEOOeABDjhQACAFNNYWNpbnRvc2ggSEQ6VXNlcnM6AHdhbHRvbjoAR29vZ2xlIERyaXZlOgBQYXBlcnM6ADIwMTA6AFA6AFBmZWlmZmVuYmVyZ2VyMjAxMGFiLnBkZgAADgAyABgAUABmAGUAaQBmAGYAZQBuAGIAZQByAGcAZQByADIAMAAxADAAYQBiAC4AcABkAGYADwAaAAwATQBhAGMAaQBuAHQAbwBzAGgAIABIAEQAEgBAVXNlcnMvd2FsdG9uL0dvb2dsZSBEcml2ZS9QYXBlcnMvMjAxMC9QL1BmZWlmZmVuYmVyZ2VyMjAxMGFiLnBkZgATAAEvAAAVAAIADf//AACABtIbHB0eWiRjbGFzc25hbWVYJGNsYXNzZXNdTlNNdXRhYmxlRGF0YaMdHyBWTlNEYXRhWE5TT2JqZWN00hscIiNcTlNEaWN0aW9uYXJ5oiIgXxAPTlNLZXllZEFyY2hpdmVy0SYnVHJvb3SAAQAIABEAGgAjAC0AMgA3AEAARgBNAFUAYABnAGoAbABuAHEAcwB1AHcAhACOANkA3gDmAroCvALBAswC1QLjAucC7gL3AvwDCQMMAx4DIQMmAAAAAAAAAgEAAAAAAAAAKAAAAAAAAAAAAAAAAAAAAyg=},
}


@article{pfeiffenberger:2010aa,
  author = {Pfeiffenberger, C and Lear, BC and Keegan, KP and Allada, R},
  authors = {Pfeiffenberger, C and Lear, BC and Keegan, KP and Allada, R},
  date = {2010 Nov 1},
  date-modified = {2015-07-20 01:38:25 +0000},
  doi = {10.1101/pdb.prot5519},
  journal = {Cold Spring Harb Protoc},
  month = {Nov},
  pages = {pdb.prot5519},
  pubmed_id = {21041392},
  source = {Cold Spring Harb Protoc},
  title = {{Processing circadian data collected from the Drosophila Activity Monitoring (DAM) System.}},
  volume = {2010},
  year = {2010},
  bdsk-file-1 = {YnBsaXN0MDDUAQIDBAUGJCVYJHZlcnNpb25YJG9iamVjdHNZJGFyY2hpdmVyVCR0b3ASAAGGoKgHCBMUFRYaIVUkbnVsbNMJCgsMDxJXTlMua2V5c1pOUy5vYmplY3RzViRjbGFzc6INDoACgAOiEBGABIAFgAdccmVsYXRpdmVQYXRoWWFsaWFzRGF0YV8QSC4uLy4uLy4uLy4uLy4uLy4uLy4uL0dvb2dsZSBEcml2ZS9QYXBlcnMvMjAxMC9QL1BmZWlmZmVuYmVyZ2VyMjAxMGFhLnBkZtIXCxgZV05TLmRhdGFPEQHQAAAAAAHQAAIAAAxNYWNpbnRvc2ggSEQAAAAAAAAAAAAAAAAAAADQZvGzSCsAAABHtlgYUGZlaWZmZW5iZXJnZXIyMDEwYWEucGRmAAAAAAAAAAAAAAAAAAAAAAAAAAAAAAAAAAAAAAAAAAAAAAAAAAAAAYTsfNHSgBoAAAAAAAAAAAAHAAUAAAkgAAAAAAAAAAAAAAAAAAAAAVAAABAACAAA0GZzIwAAABEACAAA0dIBigAAAAEAGABHtlgAR7PdAEezvwBHszoAEOOeABDjhQACAFNNYWNpbnRvc2ggSEQ6VXNlcnM6AHdhbHRvbjoAR29vZ2xlIERyaXZlOgBQYXBlcnM6ADIwMTA6AFA6AFBmZWlmZmVuYmVyZ2VyMjAxMGFhLnBkZgAADgAyABgAUABmAGUAaQBmAGYAZQBuAGIAZQByAGcAZQByADIAMAAxADAAYQBhAC4AcABkAGYADwAaAAwATQBhAGMAaQBuAHQAbwBzAGgAIABIAEQAEgBAVXNlcnMvd2FsdG9uL0dvb2dsZSBEcml2ZS9QYXBlcnMvMjAxMC9QL1BmZWlmZmVuYmVyZ2VyMjAxMGFhLnBkZgATAAEvAAAVAAIADf//AACABtIbHB0eWiRjbGFzc25hbWVYJGNsYXNzZXNdTlNNdXRhYmxlRGF0YaMdHyBWTlNEYXRhWE5TT2JqZWN00hscIiNcTlNEaWN0aW9uYXJ5oiIgXxAPTlNLZXllZEFyY2hpdmVy0SYnVHJvb3SAAQAIABEAGgAjAC0AMgA3AEAARgBNAFUAYABnAGoAbABuAHEAcwB1AHcAhACOANkA3gDmAroCvALBAswC1QLjAucC7gL3AvwDCQMMAx4DIQMmAAAAAAAAAgEAAAAAAAAAKAAAAAAAAAAAAAAAAAAAAyg=},
}


@article{hendricks:2003aa,
  author = {Hendricks, JC and Lu, S and Kume, K and Yin, JC and Yang, Z and Sehgal, A},
  authors = {Hendricks, JC and Lu, S and Kume, K and Yin, JC and Yang, Z and Sehgal, A},
  date = {2003 Feb},
  date-modified = {2015-07-20 01:36:11 +0000},
  doi = {10.1177/0748730402239673},
  journal = {J Biol Rhythms},
  month = {Feb},
  pages = {12-25},
  pubmed_id = {12568241},
  source = {J Biol Rhythms},
  title = {{Gender dimorphism in the role of cycle (BMAL1) in rest, rest regulation, and longevity in Drosophila melanogaster.}},
  volume = {18},
  year = {2003},
  bdsk-file-1 = {YnBsaXN0MDDUAQIDBAUGJCVYJHZlcnNpb25YJG9iamVjdHNZJGFyY2hpdmVyVCR0b3ASAAGGoKgHCBMUFRYaIVUkbnVsbNMJCgsMDxJXTlMua2V5c1pOUy5vYmplY3RzViRjbGFzc6INDoACgAOiEBGABIAFgAdccmVsYXRpdmVQYXRoWWFsaWFzRGF0YV8QQy4uLy4uLy4uLy4uLy4uLy4uLy4uL0dvb2dsZSBEcml2ZS9QYXBlcnMvMjAwMy9IL0hlbmRyaWNrczIwMDNhYS5wZGbSFwsYGVdOUy5kYXRhTxEBvAAAAAABvAACAAAMTWFjaW50b3NoIEhEAAAAAAAAAAAAAAAAAAAA0Gbxs0grAAAAR7bHE0hlbmRyaWNrczIwMDNhYS5wZGYAAAAAAAAAAAAAAAAAAAAAAAAAAAAAAAAAAAAAAAAAAAAAAAAAAAAAAAAAAAGE653R0n92AAAAAAAAAAAABwAFAAAJIAAAAAAAAAAAAAAAAAAAAAFIAAAQAAgAANBmcyMAAAARAAgAANHSAOYAAAABABgAR7bHAEezyABHs78AR7M6ABDjngAQ44UAAgBOTWFjaW50b3NoIEhEOlVzZXJzOgB3YWx0b246AEdvb2dsZSBEcml2ZToAUGFwZXJzOgAyMDAzOgBIOgBIZW5kcmlja3MyMDAzYWEucGRmAA4AKAATAEgAZQBuAGQAcgBpAGMAawBzADIAMAAwADMAYQBhAC4AcABkAGYADwAaAAwATQBhAGMAaQBuAHQAbwBzAGgAIABIAEQAEgA7VXNlcnMvd2FsdG9uL0dvb2dsZSBEcml2ZS9QYXBlcnMvMjAwMy9IL0hlbmRyaWNrczIwMDNhYS5wZGYAABMAAS8AABUAAgAN//8AAIAG0hscHR5aJGNsYXNzbmFtZVgkY2xhc3Nlc11OU011dGFibGVEYXRhox0fIFZOU0RhdGFYTlNPYmplY3TSGxwiI1xOU0RpY3Rpb25hcnmiIiBfEA9OU0tleWVkQXJjaGl2ZXLRJidUcm9vdIABAAgAEQAaACMALQAyADcAQABGAE0AVQBgAGcAagBsAG4AcQBzAHUAdwCEAI4A1ADZAOECoQKjAqgCswK8AsoCzgLVAt4C4wLwAvMDBQMIAw0AAAAAAAACAQAAAAAAAAAoAAAAAAAAAAAAAAAAAAADDw==},
}


@article{parisky:2008aa,
  author = {Parisky, KM and Agosto, J and Pulver, SR and Shang, Y and Kuklin, E and Hodge, JJ and Kang, K and Liu, X and Garrity, PA and Rosbash, M and Griffith, LC},
  authors = {Parisky, KM and Agosto, J and Pulver, SR and Shang, Y and Kuklin, E and Hodge, JJ and Kang, K and Liu, X and Garrity, PA and Rosbash, M and Griffith, LC},
  date = {2008 Nov 26},
  date-modified = {2015-07-20 01:43:42 +0000},
  doi = {10.1016/j.neuron.2008.10.042},
  journal = {Neuron},
  month = {Nov},
  pages = {672-82},
  pubmed_id = {19038223},
  source = {Neuron},
  title = {{PDF cells are a GABA-responsive wake-promoting component of the Drosophila sleep circuit.}},
  volume = {60},
  year = {2008},
  bdsk-file-1 = {YnBsaXN0MDDUAQIDBAUGJCVYJHZlcnNpb25YJG9iamVjdHNZJGFyY2hpdmVyVCR0b3ASAAGGoKgHCBMUFRYaIVUkbnVsbNMJCgsMDxJXTlMua2V5c1pOUy5vYmplY3RzViRjbGFzc6INDoACgAOiEBGABIAFgAdccmVsYXRpdmVQYXRoWWFsaWFzRGF0YV8QQS4uLy4uLy4uLy4uLy4uLy4uLy4uL0dvb2dsZSBEcml2ZS9QYXBlcnMvMjAwOC9QL1Bhcmlza3kyMDA4YWEucGRm0hcLGBlXTlMuZGF0YU8RAbQAAAAAAbQAAgAADE1hY2ludG9zaCBIRAAAAAAAAAAAAAAAAAAAANBm8bNIKwAAAEe10xFQYXJpc2t5MjAwOGFhLnBkZgAAAAAAAAAAAAAAAAAAAAAAAAAAAAAAAAAAAAAAAAAAAAAAAAAAAAAAAAAAAAABhO3+0KgN9wAAAAAAAAAAAAcABQAACSAAAAAAAAAAAAAAAAAAAAABUAAAEAAIAADQZnMjAAAAEQAIAADQp49nAAAAAQAYAEe10wBHtAMAR7O/AEezOgAQ454AEOOFAAIATE1hY2ludG9zaCBIRDpVc2VyczoAd2FsdG9uOgBHb29nbGUgRHJpdmU6AFBhcGVyczoAMjAwODoAUDoAUGFyaXNreTIwMDhhYS5wZGYADgAkABEAUABhAHIAaQBzAGsAeQAyADAAMAA4AGEAYQAuAHAAZABmAA8AGgAMAE0AYQBjAGkAbgB0AG8AcwBoACAASABEABIAOVVzZXJzL3dhbHRvbi9Hb29nbGUgRHJpdmUvUGFwZXJzLzIwMDgvUC9QYXJpc2t5MjAwOGFhLnBkZgAAEwABLwAAFQACAA3//wAAgAbSGxwdHlokY2xhc3NuYW1lWCRjbGFzc2VzXU5TTXV0YWJsZURhdGGjHR8gVk5TRGF0YVhOU09iamVjdNIbHCIjXE5TRGljdGlvbmFyeaIiIF8QD05TS2V5ZWRBcmNoaXZlctEmJ1Ryb290gAEACAARABoAIwAtADIANwBAAEYATQBVAGAAZwBqAGwAbgBxAHMAdQB3AIQAjgDSANcA3wKXApkCngKpArICwALEAssC1ALZAuYC6QL7Av4DAwAAAAAAAAIBAAAAAAAAACgAAAAAAAAAAAAAAAAAAAMF},
}


@article{park:2013aa,
  author = {Park, HJ and Park, SJ and Ahn, EJ and Lee, SY and Seo, H and Lee, JH},
  authors = {Park, HJ and Park, SJ and Ahn, EJ and Lee, SY and Seo, H and Lee, JH},
  date = {2013 Sep},
  date-modified = {2015-07-20 01:26:13 +0000},
  doi = {10.1016/j.ceca.2013.06.006},
  journal = {Cell Calcium},
  month = {Sep},
  pages = {226-35},
  pubmed_id = {23849427},
  source = {Cell Calcium},
  title = {{Asp residues of the Glu-Glu-Asp-Asp pore filter contribute to ion permeation and selectivity of the Ca(v)3.2 T-type channel.}},
  volume = {54},
  year = {2013},
  bdsk-file-1 = {YnBsaXN0MDDUAQIDBAUGJCVYJHZlcnNpb25YJG9iamVjdHNZJGFyY2hpdmVyVCR0b3ASAAGGoKgHCBMUFRYaIVUkbnVsbNMJCgsMDxJXTlMua2V5c1pOUy5vYmplY3RzViRjbGFzc6INDoACgAOiEBGABIAFgAdccmVsYXRpdmVQYXRoWWFsaWFzRGF0YV8QPi4uLy4uLy4uLy4uLy4uLy4uLy4uL0dvb2dsZSBEcml2ZS9QYXBlcnMvMjAxMy9QL1BhcmsyMDEzYWEucGRm0hcLGBlXTlMuZGF0YU8RAagAAAAAAagAAgAADE1hY2ludG9zaCBIRAAAAAAAAAAAAAAAAAAAANBm8bNIKwAAAEe13g5QYXJrMjAxM2FhLnBkZgAAAAAAAAAAAAAAAAAAAAAAAAAAAAAAAAAAAAAAAAAAAAAAAAAAAAAAAAAAAAAAAAABhOcr0FBPHAAAAAAAAAAAAAcABQAACSAAAAAAAAAAAAAAAAAAAAABUAAAEAAIAADQZnMjAAAAEQAIAADQT9CMAAAAAQAYAEe13gBHs/wAR7O/AEezOgAQ454AEOOFAAIASU1hY2ludG9zaCBIRDpVc2VyczoAd2FsdG9uOgBHb29nbGUgRHJpdmU6AFBhcGVyczoAMjAxMzoAUDoAUGFyazIwMTNhYS5wZGYAAA4AHgAOAFAAYQByAGsAMgAwADEAMwBhAGEALgBwAGQAZgAPABoADABNAGEAYwBpAG4AdABvAHMAaAAgAEgARAASADZVc2Vycy93YWx0b24vR29vZ2xlIERyaXZlL1BhcGVycy8yMDEzL1AvUGFyazIwMTNhYS5wZGYAEwABLwAAFQACAA3//wAAgAbSGxwdHlokY2xhc3NuYW1lWCRjbGFzc2VzXU5TTXV0YWJsZURhdGGjHR8gVk5TRGF0YVhOU09iamVjdNIbHCIjXE5TRGljdGlvbmFyeaIiIF8QD05TS2V5ZWRBcmNoaXZlctEmJ1Ryb290gAEACAARABoAIwAtADIANwBAAEYATQBVAGAAZwBqAGwAbgBxAHMAdQB3AIQAjgDPANQA3AKIAooCjwKaAqMCsQK1ArwCxQLKAtcC2gLsAu8C9AAAAAAAAAIBAAAAAAAAACgAAAAAAAAAAAAAAAAAAAL2},
}


@misc{Budnik_2002,
  doi = {10.3410/f.1010905.170408},
  url = {http://dx.doi.org/10.3410/f.1010905.170408},
  year = {2002},
  month = {dec},
  publisher = {Faculty of 1000 Ltd.},
  author = {Vivian Budnik},
  title = {{Faculty of 1000 evaluation for Electrophysiological correlates of rest and activity in Drosophila melanogaster.}},
}
